2722 4702
182 327 248 395 260
464 327 503 391 P.
536 326 719 395 OVIDII
744 328 976 402 NASONIS

225 466 390 552 Audebo,
409 485 442 539 ct
456 465 603 567 propriis
619 466 819 561 ingemuisse
835 470 941 547 malis.

176 583 322 670 Viderit;
341 580 472 655 audebo
492 581 554 654 tibi
573 610 624 655 me
642 583 812 683 scripsisse
829 585 941 674 lateri,

223 703 337 800 Atque
353 698 487 772 niodum
507 699 613 798 culpae
631 699 799 774 notificare
815 730 903 777 meae.

176 816 261 914 Qui,
281 843 384 916 quum
399 842 451 887 me
468 841 564 912 poena
582 813 718 908 dignum
733 817 880 911 graviore
894 819 996 894 luisse

224 929 405 1017 Confitear,
422 955 562 1029 possum
578 929 631 1002 vix
652 932 801 1025 graviora
819 934 897 1033 pati.

173 1047 338 1121 Hostibus
354 1046 390 1118 in
406 1045 539 1131 mediis,
556 1044 707 1147 interque
725 1047 870 1147 pericula
885 1076 1013 1138 versor;
1210 1080 1237 1132 ,ς

220 1163 395 1262 Tanquam
414 1190 489 1235 cum
505 1161 612 1261 patria
626 1189 691 1262 pax
709 1163 753 1235 sit
770 1161 896 1237 ademta
912 1163 1016 1238 mihi:

171 1279 257 1379 Qui,
277 1280 393 1354 mortis
411 1306 495 1352 saevo
511 1278 677 1373 geminent
694 1296 733 1351 ut
748 1278 882 1354 vulnere
900 1307 1028 1370 causas,

220 1392 343 1467 Omnia
357 1391 489 1492 vipereo
509 1389 635 1490 spicula
651 1389 725 1464 selle
742 1390 873 1467 linunt:

167 1512 230 1586 His
247 1537 348 1610 eques
366 1509 550 1580 instructus
567 1507 742 1605 perterrita
758 1507 877 1583 moenia
894 1507 1030 1596 lustrat,

214 1628 311 1699 More
327 1625 400 1723 lupi
417 1623 543 1697 clausas
562 1622 762 1696 circueuntis
780 1651 866 1696 oves.

82 1790 99 1837 ·.
163 1745 211 1815 At
228 1739 327 1814 semel
343 1741 489 1813 intentus
505 1766 606 1812 nervo
624 1736 704 1812 levis
719 1765 812 1812 arcus
830 1739 970 1839 equino,

211 1851 352 1926 Vincula
368 1880 499 1951 semper
514 1852 642 1925 habens
660 1850 853 1940 irresoluta,
871 1872 989 1928 manet.

159 1969 264 2043 Tecta
280 1968 389 2062 rigent
403 1965 478 2040 fixis
495 1965 596 2040 veluti
616 1964 733 2040 vallata
749 1967 894 2062 sagittis,

207 2072 377 2186 Partaque
394 2084 449 2156 vix
466 2082 560 2157 firma
576 2084 750 2159 submovet
766 2113 853 2159 arma
868 2113 950 2160 sera.

157 2202 256 2277 Adde
269 2198 337 2277 loni
354 2200 488 2288 faciem,
506 2229 566 2274 nec
581 2199 716 2289 froude,
732 2230 793 2276 nec
810 2201 928 2275 arbore
942 2199 1027 2291 lati,
1192 2234 1225 2284 as

206 2322 252 2392 Et
271 2304 362 2418 quod
377 2316 464 2417 iners
481 2316 590 2417 hyemi
606 2316 817 2391 continuatur
833 2316 959 2416 hyems.

156 2434 222 2507 Hic
239 2460 291 2504 mc
308 2427 511 2531 pugnantem
528 2458 602 2503 cum
619 2429 760 2526 frigore,
778 2459 918 2529 cumque
933 2432 1079 2526 sagittis,

206 2548 357 2648 Cumque
373 2570 446 2618 meo
462 2534 546 2631 fato,
567 2561 681 2642 quarta
696 2545 808 2639 fatigat
823 2544 947 2643 hyems.
1029 2640 1032 2645 Ι

154 2666 235 2739 Fine
252 2683 362 2738 carent
375 2662 541 2762 lacrymae,
561 2656 626 2733 nisi
636 2648 746 2763 'quum
764 2674 886 2762 stupor
900 2648 1033 2739 obstitit
1048 2667 1134 2756 illis,

153 2848 212 2882 mus
224 2827 332 2898 quisque
345 2846 376 2879 ex
388 2827 435 2880 aevi
448 2824 519 2879 aurei
531 2823 660 2896 scriptori·
707 2819 801 2876 mulari
811 2823 884 2877 nullo
895 2826 977 2879 modo
989 2831 1076 2898 possit.
1087 2828 1195 2886 Mrcn.

152 2906 208 2957 bus.
222 2904 289 2957 Loca
307 2902 380 2972 plura
397 2902 517 2972 adscripsi
530 2941 538 2968 ,
557 2912 586 2955 ut
601 2920 659 2955 suas
744 2902 781 2953 15.
792 2902 916 2955 Hostibus
927 2909 954 2956 in
966 2911 1062 2963 medn's.
1078 2910 1109 2963 ln
1122 2910 1216 2966 mediis

151 2981 250 3036 Nasoni
263 2978 404 3050 elegantias
417 2980 574 3034 adsererent.
590 2981 625 3034 ll.
707 2976 796 3044 Getis,
811 2980 855 3048 qui
868 2981 960 3034 urbem
975 2983 1216 3044 infestant-Ver·

186 3082 223 3114 ιι.
247 3063 345 3114 haeret
363 3062 417 3112 hec
431 3065 538 3129 aliquas,
557 3065 607 3114 tr'br'
620 3080 659 3114 me
706 3074 754 3108 svs·
766 3058 994 3128 sartorquinque;
1008 3075 1095 3116 nector
1106 3086 1183 3121 unus.

148 3143 287 3206 scripsisse.
303 3137 492 3207 Interrogative
511 3138 569 3208 lego
586 3139 658 3209 prius
744 3155 778 3204 ¹7.
792 3137 1111 3204 Utgemrirentcansasetc.
1121 3147 1155 3202 Ut
1162 3147 1214 3203 ‹lu-

150 3219 294 3283 distichon,
309 3228 338 3270 ut
349 3218 382 3271 sit
395 3220 479 3272 oratio
495 3218 655 3284 dubitantia,
704 3210 764 3278 plici
778 3232 853 3266 causa
866 3225 893 3267 et
909 3216 948 3268 vta
961 3214 1061 3271 lethum
1073 3222 1211 3293 adferant,

149 3305 239 3347 utrtrm
250 3294 327 3348 lateri
339 3296 418 3361 velit,
433 3298 486 3350 sire
502 3294 612 3362 audeat,
627 3315 655 3349 se
702 3287 776 3341 sem
787 3291 882 3344 stilloel
893 3302 921 3344 el
931 3311 1041 3347 veneno.

148 3361 182 3413 ad
194 3360 340 3413 Maximum
354 3361 387 3412 de
399 3362 451 3413 suis
464 3361 540 3414 rebus
552 3380 582 3413 ex
595 3380 655 3430 pro-
740 3387 779 3419 20.
799 3368 870 3419 More
887 3371 943 3432 lupi
959 3374 1068 3423 clausas,
1089 3373 1213 3434 ovffibm

148 3434 233 3500 sesso,
249 3447 274 3488 et
290 3437 397 3489 nomine
416 3455 471 3489 non
487 3437 569 3492 celato
584 3438 655 3493 scri-
702 3445 774 3497 eninr
785 3442 875 3498 clamis
886 3445 1054 3499 obambulans
1067 3447 1144 3515 lupus
1158 3453 1208 3506 in-

147 3511 226 3575 bere,
242 3533 274 3565 an
288 3514 390 3574 minus;
404 3524 434 3564 ut
443 3515 570 3582 posterius
580 3516 654 3571 disti-
701 3520 788 3573 sidiari
801 3519 873 3574 solet.

148 3588 217 3643 chon
229 3594 299 3660 quasi
310 3602 358 3663 per
368 3592 580 3661 subjunctionem
593 3595 654 3650 huic
735 3600 775 3650 23.
790 3601 876 3652 Veluti
879 3603 983 3654 vallata.
993 3599 1084 3654 Veluti
1093 3602 1209 3661 circum·

146 3669 302 3737 respondeat
315 3689 322 3722 :
333 3669 473 3735 videlicet,
492 3671 557 3724 velle
574 3685 652 3742 atque
700 3673 769 3728 data.

147 3743 242 3798 audere
252 3765 316 3798 sese.
326 3745 453 3799 Dubitare
466 3758 553 3801 autem
562 3770 589 3803 se
599 3750 652 3803 stn-
733 3757 772 3807 25.
790 3757 844 3810 Nec
850 3754 959 3824 fronde,
977 3776 1024 3812 nec
1036 3763 1128 3816 arbore
1139 3770 1205 3818 [καὶ

146 3824 197 3894 git,
217 3833 324 3892 propter
343 3823 490 3893 Augustum
510 3829 650 3895 potissime.
699 3833 825 3886 lorr‘non
833 3835 968 3890 invenuste
977 3856 1046 3893 unus
1055 3841 1204 3897 Vaticanus.

144 3900 251 3956 Deinde
262 3901 357 3966 etiam,
369 3914 400 3955 ut
411 3902 591 3959 adtentionem
605 3926 651 3975 pa·
731 3929 771 3982 aq.
782 3915 841 3966 Νίεί
854 3931 928 3980 qaum
943 3925 1036 3984 stupor.
1053 3919 1109 3972 Nisi
1123 3939 1205 3987 quum

143 3978 585 4050 ret,magnituclinemsuaemiseriae
594 3994 649 4036 tan·
696 3988 793 4041 mentis
814 4000 923 4060 torpor,
945 4005 972 4048 et
990 3996 1063 4065 quasi
1083 3993 1203 4063 quaedam

144 4065 198 4111 nm
209 4075 264 4116 esse
276 4054 380 4125 innuit,
394 4067 423 4111 ut
436 4057 515 4112 taceri
527 4076 556 4113 ac
568 4060 652 4127 dissi<
695 4064 817 4137 alienatio
829 4091 939 4129 asensu
