2722 4702
188 339 249 406 188
462 339 502 406 P.
531 338 707 406 OVIDII
732 338 960 409 NASONIS

181 475 238 549 Nil
253 476 300 548 ita
316 473 455 550 sublime
474 497 541 568 est,
557 505 722 578 supraque
738 478 883 579 pericula
899 479 1022 570 tendit,

229 596 307 666 Non
325 594 370 667 sit
386 613 424 668 ut
439 595 575 668 insenius
591 595 868 698 subpositumque
885 599 965 671 Deo.

182 710 268 782 Nam
287 739 483 810 quamquam
500 710 582 783 vitio
601 739 678 811 pars
696 729 746 785 est
761 729 928 786 contracta
943 712 1129 803 malornm,

232 826 312 901 Plus
330 845 436 901 tamen
454 827 545 901 exitii
560 829 705 903 numinis
722 829 769 901 ira
786 829 886 903 dedit.
1213 852 1246 906 5ο

184 939 306 1014 Atros
323 941 483 1015 admoniti
500 943 624 1016 nostris
642 972 775 1045 quoque
790 944 920 1019 casibus
934 962 1024 1034 este,

234 1056 434 1156 AEquantem
451 1057 597 1158 Superos
614 1057 788 1133 emeruisse
806 1060 922 1133 virum.

217 1231 256 1282 50.
269 1231 506 1283 Plastameneaeitr'e'.
514 1229 692 1284 Ostenditnu·
738 1250 797 1283 mea
810 1249 876 1283 noxa
885 1229 1050 1284 commeruit.
1059 1228 1195 1284 P.-Ptus
1203 1239 1250 1284 la-

185 1325 247 1359 rneu
261 1306 288 1359 in
298 1326 329 1360 eo
339 1325 412 1360 auam
422 1308 475 1359 vim
485 1318 512 1361 et
521 1318 691 1376 potestatem,
738 1327 793 1360 nen
811 1313 889 1361 exitii.
909 1307 1002 1359 Matm
1018 1311 1116 1370 exr'trb,
1137 1306 1194 1376 plus
1213 1308 1249 1361 ad

187 1383 256 1452 quod
275 1403 317 1437 me
333 1404 410 1452 supra
430 1384 554 1438 meritum
570 1385 690 1454 punivit,
739 1384 845 1447 exitium
857 1385 976 1438 eontulit.
989 1385 1025 1438 H.
1042 1411 1076 1423 -
1089 1383 1143 1438 Sed
1153 1402 1249 1442 omnes

185 1473 214 1519 et
222 1474 349 1534 quantum
357 1463 487 1527 collibuit,
501 1482 555 1516 non
563 1474 693 1531 quantum
738 1467 815 1514 esitii
824 1472 933 1515 tuentur
944 1463 1034 1533 scripti
1046 1473 1073 1516 et
1085 1460 1156 1516 editi.

191 1650 1247 1682 m

544 1785 780 1873 ELEGIA
808 1787 887 1871 lx.

521 2158 916 2231 ARGUMENTUM.

218 2326 330 2382 Inimico
343 2327 460 2380 minatur
471 2337 564 2396 poeta,
576 2346 604 2381 se
616 2326 642 2379 in
655 2344 718 2378 euru
728 2323 900 2394 scripturum,
912 2318 964 2372 nia
977 2314 1096 2372 conviciis
1106 2314 1221 2387 desistat.

193 2483 243 2585 St
259 2506 352 2593 licet,
372 2525 404 2579 et
421 2506 560 2605 pateris,
578 2534 697 2580 nomen
715 2505 906 2601 facinusque
924 2501 1057 2589 tacebo,

240 2624 286 2695 Et
302 2638 358 2693 tua
375 2620 515 2694 Lethaeis
533 2638 603 2692 acta
622 2620 790 2693 dabuntur
807 2617 901 2717 aquis
916 2647 925 2705 ;

193 2740 382 2837 Nostraque
394 2734 542 2807 vincetur
555 2733 705 2834 lacrymis
723 2732 893 2807 clementia
910 2731 1010 2806 seris:

241 2854 304 2925 Fac
321 2850 438 2939 modo,
457 2867 488 2924 te
506 2868 616 2952 pateat
634 2848 826 2951 poenituisse
843 2848 914 2934 tui;

193 2973 256 3044 Fac
272 2969 372 3043 modo
391 2987 422 3042 te
439 2967 588 3058 damnes,
605 2968 782 3069 cupiasque
800 2965 932 3041 eradere
946 2964 1019 3036 vitae
1237 2977 1253 3029 5

243 3087 425 3188 Tempora,
444 3085 471 3158 si
489 3084 619 3185 possis,
636 3083 847 3185 Tisiphonea
865 3099 938 3155 tuae.

196 3200 254 3274 Sin
268 3203 393 3292 minus,
409 3219 441 3275 et
454 3200 594 3296 flagrant
610 3201 688 3273 odio
705 3218 761 3272 tua
777 3215 909 3300 pectora
924 3210 1064 3280 nostro,

229 3396 253 3459 4.
266 3395 416 3447 Pauituisse
426 3398 471 3448 tui.
482 3393 636 3448 Poenituisse
645 3395 701 3463 ejus
744 3398 859 3464 phanea.
866 3392 927 3446 Hoc
935 3399 988 3455 est,
1001 3388 1041 3440 fac
1054 3395 1080 3438 te
1092 3384 1252 3468 damnenft

198 3468 266 3539 quod
278 3469 303 3522 in
315 3489 357 3522 me
369 3471 459 3524 fecisti.
471 3468 582 3522 Mate-
589 3470 703 3524 Poenitet
750 3472 836 3541 cupias
854 3490 885 3523 ex
899 3469 951 3522 vita
970 3477 1014 3519 tua
1029 3461 1157 3515 eradicare
1171 3495 1179 3520 ,
1199 3475 1253 3543 ”ie

197 3548 310 3615 aliquem
321 3548 375 3614 sui,
389 3566 470 3617 quum
481 3547 586 3601 comitia
597 3560 624 3601 et
636 3549 702 3603 faeta
750 3548 867 3617 penitus,
879 3547 900 3599 si
911 3543 991 3597 modo
1001 3538 1096 3610 poesis,
1107 3532 1213 3622 tpllere,
1226 3530 1253 3585 td

197 3643 243 3679 uua
256 3623 377 3691 damnat,
393 3625 492 3692 sibique
503 3622 627 3692 displicet.
640 3627 669 3678 Ρ.
751 3624 821 3694 quod
831 3635 869 3678 est
878 3621 1032 3691 Tisiphones
1043 3629 1194 3683 proprium,
1204 3609 1257 3665 boc

231 3704 254 3756 6.
270 3707 389 3772 Tempora
399 3705 563 3769 Tisr'pborea.
571 3702 702 3773 Tempora
751 3714 807 3768 est,
821 3702 945 3756 invidiam
962 3709 989 3752 et
1003 3694 1119 3750 studium
1134 3690 1258 3744 nocendi.

198 3781 341 3853 flagitiosa,
360 3780 461 3834 furialia
478 3789 504 3831 et
522 3779 659 3847 nocentia,
674 3779 703 3833 id
751 3781 804 3834 vet
817 3802 823 3834 :
837 3781 924 3850 cupias
937 3775 1043 3831 eradere
1055 3781 1176 3839 tempora
1188 3769 1258 3823 Tisi-

198 3859 344 3927 eat,cupiar
352 3875 406 3910 non
415 3856 464 3908 dici
472 3873 532 3907 meo
538 3874 702 3922 versu,sem·
751 3857 860 3928 pbonaea
871 3857 930 3911 vitre
942 3865 993 3908 tue
1001 3892 1009 3917 ,
1018 3846 1258 3921 pro,studearabo

199 3956 247 4008 per
256 3935 358 4006 flagitiis
367 3951 473 4001 operam
485 3931 601 4000 dedisse,
614 3943 641 3986 et
651 3951 704 3987 no-
752 3935 821 4001 lere,
833 3946 860 3989 et
869 3955 900 3988 ex
907 3934 964 3986 vitae
978 3941 1028 3985 tuce
1041 3929 1118 3983 rebus
1132 3927 1193 3981 actis
1205 3921 1257 3975 tot-

199 4015 333 4080 euisre,ut
341 4009 482 4078 Tisiphone
491 4008 566 4062 turta.
576 4011 703 4065 M.-Ce-
752 4010 821 4075 lere,
844 4030 874 4063 ea
897 4029 954 4080 que
972 4009 1095 4067 scelerate
1117 3993 1256 4070 aliqumde

193 4099 301 4162 piasque
311 4091 411 4145 eradere
423 4091 481 4143 vr'tae
497 4088 617 4156 Tempora
631 4089 698 4142 ruu
751 4085 842 4142 fecisti.
859 4085 962 4140 Mrem„
