2722 4702
309 336 771 408 retenderunt.
802 338 947 406 erse.
975 341 1019 407 v.
1127 364 1192 434 ιι,

142 524 1189 559 w...

501 664 737 749 ELEGIA
764 666 813 749 V.

456 1027 852 1096 ARGUMENTUM.

147 1185 261 1256 Seipsum
273 1187 394 1242 hortatur
401 1187 433 1240 ad
442 1188 629 1242 celebrandum
639 1188 725 1241 uxoris
737 1188 867 1253 natalem,
879 1205 927 1258 pro
934 1206 985 1256 qua
992 1188 1059 1242 bene
1069 1200 1197 1259 precatur,

174 1271 296 1340 diemque
308 1270 412 1338 laudat,
431 1272 475 1340 qui
489 1290 547 1325 eam
561 1271 756 1340 elegantissimis
767 1271 881 1325 moribus
892 1271 920 1324 in
930 1271 1015 1326 lucem
1034 1272 1141 1342 protulit
1153 1293 1160 1326 z
1171 1284 1199 1328 et

174 1354 288 1423 quamvis
298 1352 376 1423 digna
387 1366 453 1408 esset
466 1354 575 1408 feliciori
587 1355 710 1420 fortuna,
730 1373 787 1405 eam
802 1363 888 1407 tamen
907 1351 1041 1421 hortatur,
1062 1365 1092 1408 ut
1109 1356 1198 1410 omnia

173 1454 243 1504 aequo
258 1437 349 1489 animo
361 1435 447 1498 lerat;
460 1436 480 1488 si
494 1436 599 1504 quidem
613 1437 669 1504 ejus
680 1435 776 1502 virtus,
790 1456 842 1489 non
856 1436 904 1490 nisi
917 1437 944 1489 in
958 1436 1069 1491 adversis
1086 1438 1199 1508 perspici

173 1521 256 1589 possit
267 1519 385 1574 Demnm
397 1519 469 1574 Deos
481 1529 620 1588 precatur,
639 1529 683 1585 ut,
696 1521 717 1572 si
728 1519 812 1572 nolint
826 1520 872 1573 sibi
886 1539 1004 1590 parcere,
1022 1520 1113 1577 saltem
1125 1523 1198 1578 uxori

172 1599 305 1655 innocenti
316 1603 457 1672 ignoscant

146 1754 329 1861 Annuus
345 1785 514 1858 adsuetum
533 1783 672 1860 domine
689 1782 807 1856 natalis
823 1784 984 1859 honorem

190 1901 327 1994 Exigit:
341 1901 384 1974 ite
400 1928 513 1976 manns
528 1902 569 1974 ad
587 1902 641 2001 pia
655 1928 744 1974 sacra
759 1928 846 1974 mee.

149 2016 199 2089 Sic
215 2015 399 2116 quondam,
415 2016 532 2090 festum
546 2016 696 2091 Laertius
714 2015 817 2108 egerit
829 2013 926 2087 heros

190 2134 315 2205 Forsan
333 2131 366 2203 in
384 2146 528 2203 extremo
544 2130 693 2230 conjugis
711 2129 791 2202 orbe
806 2129 901 2202 diem.

144 2246 269 2341 Lingua
285 2245 397 2318 sarens
415 2245 518 2332 adsit,
536 2244 708 2344 longorum
726 2243 828 2318 oblita
844 2226 1023 2330 malorum

189 2366 287 2461 Qua,
304 2381 404 2465 puto,
421 2360 577 2435 dedidicit
591 2363 655 2462 jam
671 2363 759 2436 bona
776 2361 872 2434 verba
888 2356 999 2461 loqui:

146 2481 285 2581 Quaque
299 2477 399 2554 semel
418 2496 490 2553 toto
506 2480 606 2554 vestis
622 2480 704 2553 mihi
720 2480 862 2554 sumitur
877 2508 981 2567 anno,

187 2597 340 2670 Sumatur
354 2595 432 2669 fatis
448 2596 591 2672 discolor
606 2596 680 2670 alba
697 2597 797 2671 meis:

143 2711 266 2814 Araque
284 2714 451 2808 gramineo
470 2714 583 2787 viridis
601 2713 641 2785 de
658 2714 777 2813 cespite
793 2714 866 2802 fiat3

186 2831 229 2901 Et
245 2828 331 2900 velet
347 2829 476 2929 tepidos
491 2856 575 2900 nexa
593 2854 710 2902 corona
725 2830 828 2902 locos.

141 2941 193 3013 lla
207 2941 290 3015 mihi
308 2956 393 3031 tura,
408 2968 510 3042 puer,
526 2941 668 3040 pingues
684 2943 835 3017 facientia
849 2939 1011 3028 flammas,

192 3057 355 3154 Quodque
371 3059 429 3157 pio
446 3057 556 3129 fusum
575 3056 691 3132 stridat
707 3061 742 3131 in
759 3058 833 3152 igne
847 3084 981 3129 merum.

145 3169 279 3271 Optime
295 3170 431 3259 natalis,
450 3170 596 3271 quamvis
611 3172 728 3273 procul
745 3172 919 3257 absumus,
937 3186 1017 3267 opto

191 3287 359 3362 Candidus
374 3290 439 3363 huc
455 3290 583 3376 venias,
602 3288 834 3388 dissimilisque
848 3315 942 3361 meo:
992 3380 1017 3435 ο

162 3461 186 3513 3.
194 3463 313 3515 laenius
318 3472 402 3527 egerat
407 3465 484 3516 leros.
491 3460 586 3514 Malim
592 3477 644 3528 ep
691 3461 826 3514 ornabant.
839 3458 957 3513 Femina
968 3477 1030 3513 vero
1042 3459 1143 3513 Junoni
1152 3480 1193 3514 aa·

140 3543 175 3590 n't.
185 3541 292 3613 Ulysses
306 3541 406 3593 Laertia
422 3540 496 3592 lilius.
692 3541 850 3596 crilicabant.

171 3619 193 3680 l.
202 3620 375 3685 Iliensestum
386 3620 508 3686 conjuffis.
524 3613 642 3669 Natalem
728 3639 765 3671 ιι.
775 3621 821 3672 Da
828 3622 960 3681 militm,
968 3635 1037 3687 puer.
1048 3619 1130 3684 Tura,
1140 3617 1195 3671 alii-

145 3696 225 3746 uxoris
236 3698 390 3765 Penelopes.
654 3764 656 3769 .
692 3717 743 3767 que
754 3699 831 3751 etiam
842 3699 951 3764 odores,
966 3695 1060 3752 eodem
1073 3699 1115 3751 die
1128 3708 1194 3752 ute-

176 3774 199 3823 5.
208 3778 346 3831 Nostrorum
355 3783 434 3831 oblata
443 3777 641 3830 malorumdaa·
691 3775 794 3830 bantur.
803 3775 898 3830 Tibutt.
913 3777 954 3829 lib.
968 3777 1011 3841 ll,
1026 3775 1096 3845 Eleg.
1110 3792 1144 3842 ιι,
1158 3795 1193 3827 vs.

142 3873 227 3920 (orum
239 3855 407 3911 Buslidianus.
420 3859 519 3912 lltttns.
692 3855 744 3923 3sq
753 3874 759 3908 ι
768 3876 780 3900 κ
790 3855 912 3909 Urantur
923 3855 965 3925 pia
972 3867 1030 3909 tura
1039 3855 1110 3919 iocis,
1120 3870 1196 3905 uran-

175 3954 199 4006 9.
218 3935 317 3998 Araque
325 3941 449 4002 pantheo
460 3937 549 3987 curtilis
561 3937 592 3987 de
600 3952 641 3988 te·
692 3941 737 3985 tur
748 3931 855 3999 odores,
870 3933 947 4002 Quos
959 3944 1035 3986 tener
1047 3952 1061 3985 e
1072 3942 1139 3984 terra
1149 3925 1193 3978 di-

145 4010 471 4082 spelefia!.Genionatalem
477 4013 642 4078 celebrantes,
692 4011 744 4064 rite
755 4011 836 4065 mittit
848 4011 939 4064 Arabs.
952 4032 965 4055 u

148 4107 213 4145 tram
225 4089 378 4161 erigebant,
390 4107 468 4158 quam
476 4088 560 4147 floreis
570 4089 645 4146 sertia
728 4093 765 4157 ιζ.
779 4091 915 4144 Candidus.
927 4087 1006 4143 Felix.
1020 4086 1097 4140 Mu·
