2722 4702
215 319 281 403 234
481 320 520 383 r.
547 294 732 385 ov1n11
760 315 993 384 ursonis

213 532 1267 570 m

578 691 812 777 ELEGI'A
841 694 892 777 X.

537 1076 938 1160 ARGUMENTUM.

212 1244 279 1298 Tres
291 1261 373 1297 annos
383 1261 409 1296 se
422 1243 501 1310 egisse
513 1242 599 1295 scribit
611 1253 704 1312 piretu
725 1261 770 1295 eos
788 1252 877 1295 temen
896 1242 944 1296 sibi
962 1242 1053 1296 decern
1070 1245 1169 1314 videri,
1187 1247 1271 1318 idque

333 1325 382 1377 loci
395 1325 545 1394 asperitate,
559 1336 586 1376 et
597 1323 804 1392 difficultatibus,
816 1345 879 1395 quas
892 1325 985 1379 deinde
999 1327 1140 1398 subjungit.

213 1479 281 1581 UT
297 1535 411 1580 sumus
429 1507 463 1578 iu
481 1507 613 1591 Ponto,
631 1523 681 1579 ter
695 1506 817 1603 frigore
834 1508 983 1580 constitit
998 1510 1095 1595 Ister,

258 1624 355 1694 Facta
370 1638 421 1694 cst
434 1620 557 1693 Euxini
572 1620 654 1694 dum
672 1638 721 1694 ter
737 1620 825 1694 unda
842 1621 951 1694 maris.

210 1737 257 1809 At
272 1735 353 1809 mihi
368 1736 434 1834 jam
449 1735 564 1809 videor
582 1738 686 1836 patria
703 1734 822 1837 procul
839 1739 911 1809 esse
928 1752 979 1810 tot
995 1737 1105 1824 annis,
1222 1828 1224 1833 Δ

257 1849 412 1924 Dardana
430 1871 513 1952 quot
531 1853 632 1926 Graio
647 1853 747 1950 Troja
764 1851 827 1924 suh
843 1853 939 1928 hoste
954 1853 1027 1927 fuit.

210 1969 301 2041 Stare
318 1985 432 2068 putes,
452 1970 531 2044 adeo
548 1969 731 2071 procedunt
747 1985 893 2068 tempore
911 1968 1022 2058 tarde,

259 2084 303 2156 Et
318 2084 446 2184 peragit
461 2085 559 2168 lentis
575 2085 729 2187 passibus
745 2112 850 2158 annus
867 2083 938 2159 iter.

210 2201 277 2274 Nec
293 2200 375 2274 mihi
393 2202 570 2277 solstitium
589 2202 769 2304 quidquam
787 2201 826 2275 de
842 2200 995 2275 noctibus
1011 2200 1135 2287 nnfert3

257 2313 368 2392 Efficit
385 2336 543 2414 angustos
559 2347 620 2394 nec
636 2318 716 2392 mihi
733 2318 851 2393 bruma
865 2318 955 2392 dies:

210 2434 341 2508 Scilicet
357 2435 392 2505 in
408 2435 507 2507 nubis
524 2463 634 2507 rerum
649 2451 766 2508 natura
781 2451 899 2508 novate
917 2451 986 2518 est,

259 2549 408 2648 Cumque
424 2544 507 2623 meis
524 2548 611 2624 curis
629 2549 736 2623 omnia
753 2548 853 2644 longa
872 2547 959 2620 facit
1240 2587 1269 2621 ιο

209 2664 297 2735 Num
312 2677 474 2764 peragunt
490 2660 608 2735 solitos
626 2663 808 2737 communia
824 2680 973 2764 tempora
988 2681 1116 2748 motus,

259 2778 410 2879 Suntque
429 2778 533 2874 magis
550 2779 623 2853 vitae
640 2797 786 2881 tempore
804 2779 885 2855 dura
900 2780 1001 2857 mee?

211 2900 320 2996 Quem
336 2914 424 2971 tenet
439 2896 563 2975 Euxini
579 2898 717 2973 mendax
733 2898 931 2996 cognomine
943 2896 1042 2984 litus,
1135 2950 1139 2957 -

258 3014 303 3087 Et
318 3011 464 3112 Scythici
483 3039 557 3087 vere
573 3029 657 3087 terra
673 3011 806 3088 sinistra
823 3011 909 3087 freti.

208 3130 391 3204 innumere
407 3129 491 3203 circa
508 3146 621 3226 genten
637 3129 706 3203 sera
722 3127 810 3201 bella
825 3128 1015 3212 minantur,
1233 3148 1266 3200 -ι5

258 3244 342 3340 Quae
359 3241 422 3315 sibi
440 3271 509 3318 non
526 3260 621 3343 rapto
639 3243 745 3315 vivere
761 3259 856 3343 turpe
871 3258 997 3340 putant

211 3357 266 3429 Nil
282 3375 373 3430 extra
390 3374 498 3430 tutum
516 3373 566 3431 est
581 3356 751 3430 :tumulus
768 3355 954 3430 defenditur
970 3357 1051 3449 egre

243 3529 267 3593 4.
283 3527 368 3593 ijo.
381 3528 457 3579 Terra
467 3526 520 3580 duo
529 3525 682 3596 penserunt.
758 3535 857 3596 putant.
868 3526 1038 3587 lierodotus‚
1057 3520 1084 3572 in
1097 3516 1266 3574 recensendis

242 3625 265 3677 q
280 3608 387 3659 Novata.
398 3607 515 3667 Monta,
534 3603 692 3657 Putesneus.
765 3605 899 3658 Thracum
908 3601 1035 3665 moribus,
1047 3597 1174 3648 ‹luceteos
1184 3615 1199 3649 e
1208 3597 1267 3651 hel-

247 3690 284 3742 13.
296 3690 410 3742 Mendax
427 3689 577 3756 commin.
590 3685 647 3753 Qui
659 3703 714 3754 po-
764 3682 790 3735 lo
806 3693 882 3751 atque
902 3691 976 3750 rapto
988 3677 1089 3738 vivere,
1107 3672 1188 3743 idque
1205 3676 1267 3745 pul·

212 3763 263 3819 tius
272 3774 311 3818 est
322 3763 491 3833 inhospitalis.
763 3757 922 3812 cherrimucn
939 3757 1040 3810 cluntre.
1051 3752 1107 3804 Sita·
1115 3771 1166 3803 nors
1177 3764 1262 3820 rapto.

247 3845 285 3910 14.
299 3844 548 3897 Veretmasrirtstm.
556 3836 714 3903 Veretum,
763 3852 854 3891 omncs
865 3836 991 3890 meliores.
1004 3830 1040 3884 ll.

212 3933 241 3977 ut
259 3923 287 3981 iu
302 3920 405 3975 sinistre
416 3927 489 3989 parte
501 3916 562 3983 sita,
581 3917 618 3970 sic
634 3915 715 3969 etism
799 3937 835 3984 ¹7·
849 3916 966 3968 Tumulus
976 3910 1121 3979 defenditur
1131 3915 1193 3978 ipse
1206 3911 1265 3961 nc-

217 4001 314 4055 inlelix.
757 3993 875 4062 senditur
891 4013 967 4063 egre,
988 3991 1064 4046 multi
1084 4011 1115 4046 ex
1134 3986 1263 4055 antiquiss

251 4079 287 4132 ιθ.
305 4079 365 4146 Qua
375 4078 426 4129 rr'sr'
438 4077 469 4127 de
477 4080 548 4140 rapto
558 4076 639 4127 urbere
649 4080 718 4140 turpe
764 4080 841 4124 recte.
850 4072 885 4122 Η.
