2722 4702
306 355 375 422 EX
399 353 579 421 PONTO
601 355 702 422 1113.
728 356 780 423 ΙΙ.
802 356 971 426 EPIST.
998 360 1042 426 X.
1139 361 1203 429 365

194 495 339 592 Quaque
356 491 424 565 suis
442 492 577 592 Cyanen
594 494 707 566 miscet
722 497 859 596 Anapus
876 497 979 597 aquis.

143 613 212 686 Nec
223 608 340 710 procul
351 609 429 682 hinc
442 610 615 709 Nymphen
627 666 636 698 ,
649 641 739 712 quae,
759 611 836 685 dum
847 612 1047 707 lugitElidis
1057 644 1204 705 amnem,

190 728 290 798 Tecta
309 723 372 797 sub
390 752 539 823 aequorea
556 753 644 799 nunc
663 754 796 826 quoque
814 727 917 800 currit
935 759 1030 829 aqua.

142 845 207 918 Hic
223 841 305 915 mihi
323 839 462 913 labentis
478 868 554 940 pars
571 843 648 914 anni
666 870 783 937 magua
802 862 933 942 peracta
952 863 1010 918 est.

132 978 135 990 '
190 960 305 1045 Eheu,
324 986 420 1057 quam
441 956 552 1057 dispar
569 977 616 1031 est
634 957 728 1032 locus
743 956 799 1029 ille
818 960 932 1034 Getis!
1172 990 1205 1040 30

143 1077 188 1148 Et
205 1090 305 1175 quota
322 1099 399 1170 pars
415 1069 484 1142 haec
504 1088 581 1144 sunt
594 1099 718 1157 rerum,
738 1100 819 1170 quas
838 1073 979 1151 vidimus
996 1074 1114 1161 ambo,

190 1193 238 1264 Te
257 1187 339 1262 mihi
353 1187 515 1287 jucundas
531 1187 691 1261 efficiente
709 1189 796 1261 vias!

145 1307 209 1380 Seu
225 1323 294 1377 rate
316 1301 469 1376 ceruleas
486 1301 574 1401 pieta
590 1302 785 1376 sulcavimus
802 1303 924 1391 undas3

193 1418 316 1494 Esseda
331 1446 393 1492 uos
410 1415 487 1512 agili
503 1416 570 1490 sive
588 1415 691 1490 tulere
709 1434 781 1489 rota

151 1537 242 1638 Saepe
259 1535 370 1609 brevis
383 1534 482 1607 nobis
499 1533 628 1606 vicibus
640 1533 691 1604 via
708 1533 775 1604 visa
795 1529 970 1629 loquendi;
1175 1556 1209 1610 as

193 1650 378 1749 Pluraque,
396 1650 423 1722 si
438 1676 612 1735 numeres,
633 1646 731 1721 verba
749 1647 839 1719 fuere
855 1647 970 1740 gradu.

146 1769 237 1866 Saepe
258 1765 327 1836 dies
343 1790 490 1837 sermone
506 1765 615 1837 minor
631 1763 716 1848 luit;
734 1761 834 1861 inque
852 1759 1056 1861 loquendum

194 1879 305 1952 Tarda
321 1905 381 1976 per
397 1880 524 1952 aestivos
544 1878 648 1953 defuit
662 1877 742 1950 hora
762 1876 841 1949 dies.

145 1999 211 2069 Est
228 1992 375 2092 aliquid,
392 2019 484 2066 casus
499 1995 620 2094 pariter
639 1993 786 2066 timuisse
805 1991 967 2077 marinos;

177 2151 217 2204 26.
234 2151 338 2216 Quaque
350 2151 405 2199 ssis
419 2148 520 2216 Cyanen
529 2158 576 2200 ste.
598 2149 650 2201 Per
732 2141 1206 2208 28.Cumtaqua‚MararpriorThua.

144 2230 232 2283 omnia
244 2225 409 2289 subauditur,
427 2226 549 2277 rumas.
557 2223 648 2297 Cyane
698 2241 772 2276 neus.
790 2221 890 2273 ltnss.

145 2316 233 2360 autem
253 2301 371 2376 nympha
387 2300 440 2353 fuit
459 2298 565 2364 Sicula,
583 2302 650 2355 soria
732 2299 772 2349 30.
790 2299 846 2349 Heu
863 2304 983 2365 quonium
1000 2295 1105 2363 dispar!
1127 2298 1208 2355 Multi

145 2381 322 2448 Proserpiu2‚
337 2376 439 2445 quaeob
451 2385 553 2444 raptam
565 2374 651 2428 aPlu-
699 2386 816 2443 veteres,
839 2378 911 2436 Heu,
929 2377 990 2436 teu,
1011 2394 1085 2443 quam
1103 2377 1205 2443 dispar!

145 2468 207 2511 tone
232 2455 416 2523 Proserpinam
432 2451 499 2505 adeo
519 2451 608 2515 llevit,
622 2461 652 2504 ut
700 2455 856 2520 Eieupuarn
875 2454 963 2518 dispar
979 2451 1083 2504 Sarrav.
1097 2451 1207 2520 Argunt.

145 2533 287 2587 insontem
300 2533 339 2586 sui
354 2530 469 2583 nominis
480 2539 581 2582 mutata
593 2526 653 2580 sue·
700 2539 727 2582 et
744 2529 834 2583 decem
852 2528 911 2594 alii3
935 2528 1061 2596 totidem,
1078 2532 1132 2581 Hei
1147 2534 1212 2583 miii

148 2611 180 2663 rit
197 2631 204 2663 :
221 2610 332 2664 labulam
350 2608 451 2678 plenius
470 2607 553 2661 refert
572 2603 652 2660 ovid.
700 2627 773 2675 psam
792 2610 898 2675 dispar,
919 2617 950 2660 ut
969 2606 1094 2676 Epieedio
1108 2606 1207 2660 Drusi:

148 2691 256 2746 Metam.
270 2691 314 2744 lib.
326 2690 359 2741 V.
701 2706 714 2731 s
729 2687 781 2738 Hei
795 2686 873 2752 mihi,
890 2703 968 2754 quam
983 2685 1070 2753 dispar
1083 2684 1143 2738 huic
1156 2685 1207 2739 luit

175 2791 216 2839 ²7·
226 2770 372 2832 Necprocui
380 2770 438 2818 irinc
446 2766 565 2834 Nympde.
574 2767 653 2834 Nym·
700 2763 762 2816 illud
775 2766 833 2818 iter,
850 2788 862 2812 o

140 2849 207 2913 pter
218 2843 310 2898 ser-ibe.
323 2841 484 2896 Praeeedeuti
493 2857 568 2891 versu
578 2842 652 2891 Ana-
724 2843 1001 2909 32.Ymiir'sircurrdas
1008 2842 1207 2911 rfficr'errlevias!

143 2928 186 2989 pis
197 2919 303 2987 quidam
317 2928 430 2979 veteres,
449 2916 485 2969 sic
505 2924 532 2968 et
547 2913 612 2965 libro
627 2913 651 2964 V
701 2915 844 2969 Dictumue
854 2929 892 2971 est
901 2917 948 2968 hoc
958 2919 1027 2985 juxta
1036 2918 1098 2970 illud
1106 2918 1206 2986 Publii,

147 2999 259 3051 Metam.
275 3007 300 3049 et
312 2994 369 3047 aliisi
383 2997 491 3048 variant.
501 2993 599 3048 Grecis
612 3004 652 3046 ta-
702 3016 716 3039 s
725 2993 864 3046 Facundus
878 3014 966 3047 eomes
977 2994 1005 3047 in
1018 2997 1058 3047 ria
1072 3015 1121 3064 pro
1132 2995 1207 3048 vehi-

147 3093 211 3128 men
226 3068 316 3132 ,desere
329 3070 593 3126 constanterdicitur.
615 3071 652 3124 ll.
701 3070 758 3122 culo
769 3081 816 3122 est.
830 3092 843 3114 u

147 3180 182 3191 -
195 3153 248 3205 Nec
257 3155 349 3217 procul
360 3154 420 3204 lir'rsc
439 3151 559 3219 Nympha
577 3149 651 3201 Are-
697 3177 700 3181 ·
732 3146 773 3197 35.
791 3149 893 3199 Vicibus
903 3150 1024 3214 loquend'.
1047 3146 1205 3205 Alternatim

148 3230 251 3283 thusam
266 3230 335 3283 dicit.
344 3229 475 3282 Arethusa
483 3238 571 3281 autem
579 3227 651 3296 virgo
700 3242 851 3278 sermonem
869 3224 1007 3288 habendo,
1027 3225 1089 3280 lecit
1108 3238 1138 3279 ut
1156 3231 1207 3284 iter

147 3308 342 3373 lutevensem,
355 3327 441 3361 eomes
451 3307 559 3371 Diauae,
577 3323 651 3373 quse,
701 3302 776 3354 nobis
788 3303 866 3355 breve
877 3301 1017 3356 videretur.

148 3404 231 3454 quum
249 3394 311 3438 astu
325 3383 446 3453 fatigata,
470 3382 536 3435 sein
550 3379 652 3449 Alpheo
733 3381 773 3432 36.
785 3381 946 3447 Fuerepium
957 3384 1044 3446 gradu.
1056 3383 1142 3438 Fuere
1154 3405 1206 3440 nu-

147 3462 258 3515 llumine
270 3460 446 3526 lavaret,dum
455 3456 652 3512 Deusillaarna·
701 3459 843 3511 merosiora
862 3457 922 3527 ipsis
938 3460 1066 3527 gressibus
1078 3474 1104 3516 et
1115 3467 1206 3535 gradi-

148 3550 172 3591 ta
192 3539 270 3608 potiri
290 3540 378 3608 cupit,
401 3538 509 3606 aufugit.
527 3535 652 3593 literato
701 3537 749 3590 bus
763 3539 864 3589 uostris.
878 3537 954 3591 ulna.

148 3614 211 3667 dum
224 3617 381 3685 pertinacius
397 3616 563 3684 insequitur,
580 3615 651 3665 sre-
733 3618 772 3686 37.
784 3618 851 3684 Sope
862 3621 917 3669 dies
933 3637 1043 3672 sermore
1057 3626 1204 3692 minorsuii.

150 3689 651 3762 thusa,imploratoDianaesubsidio,iu
702 3694 764 3747 Dies
783 3714 849 3762 saepe
867 3696 936 3748 visus
954 3697 1005 3751 luit
1024 3698 1127 3754 brevior
1145 3722 1205 3755 ser-

151 3767 253 3819 loutem
272 3773 309 3822 sui
328 3772 443 3823 nominis
464 3788 587 3823 conversa
605 3777 651 3821 est.
700 3775 899 3840 mons-Inque
910 3778 1037 3843 loquendo.
1045 3778 1205 3846 Loquendum
1310 3780 1314 3787 '

152 3843 237 3911 Cujus
252 3846 327 3898 undis
348 3868 428 3914 quum
446 3845 563 3913 Alpheus
579 3864 653 3898 com·
701 3849 803 3901 Sarrae.
817 3850 926 3919 Argent.
941 3863 967 3905 et
979 3855 1093 3923 quinque
1105 3855 1154 3905 alii.
1168 3851 1203 3902 H.

151 3927 261 3978 miscere
269 3945 295 3977 se
305 3927 396 3988 vellet,
409 3927 450 3979 illa
459 3943 521 3977 sero
534 3943 580 3991 per
590 3925 653 3977 sub·
733 3927 773 3979 38,
793 3929 857 3980 Dies
875 3934 955 3982 tarda.
976 3931 1039 3984 Dies
1056 3933 1124 3997 ipsa,
1146 3944 1205 3992 qun

151 4015 285 4058 terraneos
294 4014 394 4054 meatus
402 4003 559 4070 diffugeret,
572 4020 652 4071 usque
700 4023 747 4072 per
758 4015 872 4059 {estatem
884 4018 923 4060 est
935 4009 1033 4060 tardior
1044 4017 1070 4057 et
1082 4004 1189 4070 longior.

151 4082 178 4134 in
191 4080 306 4136 Siciliam
319 4090 469 4149 prosecutus
483 4089 529 4132 est.
541 4080 580 4132 Μ.
734 4083 774 4154 39.
794 4085 982 4149 consponsa
994 4085 1107 4140 timuisse
1121 4084 1203 4132 mart-
