2722 4702
244 331 312 397 EX
335 328 515 396 PONTO
539 331 636 396 LIB.
663 333 691 397 Ι.
718 332 886 399 EPIST.
913 336 1005 400 vll.
1092 341 1154 428 293

90 475 167 574 lpse
185 469 242 544 sed
256 469 321 542 hoc
340 468 438 556 vidit,
456 470 513 570 qui
531 471 680 570 pervidet
694 473 822 559 omnia,
843 472 969 560 Cesar,

140 582 320 659 stultitiam
337 581 401 655 dici
418 582 553 658 crimina
571 612 670 684 posse
687 612 780 658 mea:

92 701 235 800 Quaque
249 727 312 794 ego
329 699 480 799 permisi,
498 728 627 800 quaque
644 717 694 773 est
709 728 761 774 res
777 729 893 800 pessa,
912 702 1078 802 pepercit3
1122 724 1157 793 45

144 819 233 889 Usus
248 833 281 889 et
296 832 349 888 est
364 814 491 888 modice
507 813 655 889 fulminis
669 815 744 908 igne
760 816 834 890 sui:

90 934 160 1006 Nec
178 930 297 1015 vitam,
316 957 489 1030 occupes,
508 957 569 1003 nec
585 928 706 1002 ademit
723 955 822 1028 posse
835 930 971 1018 reverti,

141 1046 178 1119 Si
196 1074 254 1118 sua
271 1073 331 1145 per
344 1064 468 1118 vestras
480 1045 566 1118 vieta
581 1043 625 1117 sit
640 1045 687 1116 ira
702 1071 825 1143 preces.

93 1163 140 1234 At
155 1162 295 1256 graviter
308 1159 409 1234 cecidi
425 1190 432 1231 :
449 1159 529 1260 quid
546 1160 632 1234 enim
648 1156 811 1245 mirabile,
830 1158 859 1232 si
875 1159 950 1259 quis

142 1278 173 1346 A
191 1275 272 1345 Jove
290 1301 465 1374 percussus
482 1301 550 1345 non
565 1270 635 1346 leve
650 1271 770 1344 vulnus
785 1272 911 1345 habet?
1123 1299 1156 1347 so

95 1390 171 1489 lpse
189 1418 265 1463 sues
279 1408 318 1465 ut
330 1390 396 1490 jem
415 1390 502 1464 vires
519 1387 683 1462 inhiberet
700 1386 861 1480 Achilles,

143 1505 246 1578 Missa
264 1535 376 1601 graves
393 1508 479 1580 ictus
497 1505 604 1580 Pelias
619 1506 710 1579 haste
728 1502 815 1577 tulit

95 1619 262 1694 Judicium
279 1623 377 1696 nobis
394 1622 498 1719 igitur
515 1650 618 1723 quum
631 1621 770 1694 vindicis
784 1619 888 1709 adsit,

144 1737 222 1810 Non
240 1757 290 1812 est
306 1767 364 1812 cur
380 1759 435 1814 tua
451 1766 504 1812 me
516 1738 615 1838 jenua
631 1765 729 1811 nosse
746 1753 854 1831 neget.

97 1848 197 1924 Culta
214 1851 363 1950 quidem,
377 1853 500 1940 fateor,
518 1853 600 1926 citra
616 1881 714 1953 quarn
731 1851 867 1939 debuit,
884 1849 963 1924 illa:
1125 1870 1157 1922 55

149 1964 216 2037 Sed
230 1965 295 2038 luit
311 1966 346 2037 iu
362 1966 437 2040 latis
450 1968 513 2042 hoc
531 1996 683 2069 quoqne,
702 1967 819 2054 eredo,
836 1965 925 2040 meis.

96 2125 199 2194 scriptis
215 2144 222 2178 :
239 2135 265 2178 et
278 2131 330 2178 uta
343 2129 430 2179 donus
440 2126 517 2195 paulo
527 2139 601 2195 ante,
650 2125 732 2181 etalii
746 2124 822 2178 multi
835 2143 865 2176 ex
879 2122 1069 2175 vetustioribus.
1088 2123 1158 2192 Lege

98 2222 145 2272 pro
157 2207 213 2256 r'lla.
228 2203 264 2256 H.
650 2205 739 2271 sejam
747 2222 755 2254 .·
764 2202 832 2256 inira
844 2198 945 2265 tmlv,
956 2197 995 2253 El.
1007 2214 1075 2269 vnn,
1084 2220 1121 2255 vs.
1132 2202 1159 2253 5:

128 2282 168 2345 ⁴3.
179 2283 440 2348 Quaprecr'delomnc'a
449 2284 604 2337 CesenPer·
653 2307 667 2332 ιι
681 2285 722 2338 Ut
739 2284 792 2352 iam
810 2281 847 2334 nil
864 2291 967 2350 prutes
978 2276 1158 2345 ,nimisum

100 2362 165 2412 videt
179 2358 235 2429 lege
248 2359 289 2412 vel
301 2370 393 2413 contre
408 2358 494 2414 libros.
509 2359 605 2413 Putea-
651 2364 736 2419 fectus
758 2362 834 2416 amici
855 2361 967 2416 Debitor
981 2379 991 2424 ·,
1009 2381 1022 2406 ι
1045 2359 1159 2428 Epistola

101 2454 164 2489 oeus
170 2441 300 2504 provide&
312 2436 433 2507 sequenti
445 2437 550 2507 Elegia,
560 2439 606 2505 34:
653 2440 799 2514 Cydippes,
807 2461 843 2495 vs.
856 2437 1044 2517 cupetDurius
1053 2448 1082 2491 nt
1090 2437 1160 2490 ferro

101 2511 279 2582 «Cunctaque
293 2535 369 2568 mens
388 2515 469 2570 oeulis
484 2515 606 2585 pervidet
653 2521 705 2590 jam
713 2521 745 2574 sit
754 2519 913 2591 tibipertns,
927 2517 1038 2582 Aconti,
1049 2516 1092 2579 [l'u
1105 2536 1156 2567 ve-

101 2590 148 2645 istn
158 2593 215 2647 suis.
230 2617 242 2641 ν
258 2594 408 2667 Quomodo
424 2607 450 2649 et
470 2594 521 2649 illic
534 2595 605 2651 scri-
647 2599 726 2657 ,niam
742 2586 836 2655 nostris
852 2599 958 2653 vocibus
975 2598 1028 2665 ipse
1045 2607 1123 2663 petes.
1144 2616 1159 2639 o

102 2669 229 2738 fidum,
241 2664 311 2728 Met.
324 2670 413 2739 XIV,
428 2671 475 2726 ubi
484 2672 608 2728 similiter
654 2676 712 2751 Qui
723 2677 794 2732 toem
802 2679 881 2733 etiam
896 2675 1005 2746 pessime
1017 2683 1074 2726 eret
1082 2672 1160 2724 hobi-

103 2761 153 2805 *Μ
162 2762 298 2821 {Remum
309 2775 315 2814 t
326 2775 338 2795 ¹¹
348 2754 607 2823 merumquiper-
655 2765 703 2810 tus.
717 2755 749 2808 ln
762 2755 921 2818 Amoribus,
934 2753 977 2806 tib.
991 2752 1047 2815 ΙΙΙ,
1063 2749 1102 2802 ΕΙ.
1115 2765 1160 2813 rv,

103 2830 169 2883 videt
178 2829 282 2895 omnin,
295 2830 384 2883 Solem
393 2830 503 2899 Accipe,
515 2854 527 2877 »
539 2851 607 2885 vers.
653 2854 690 2887 vs.
702 2835 716 2885 5
731 2851 737 2885 :
750 2855 763 2878 «
778 2833 881 2900 Utinm
897 2829 1006 2883 serveris
1021 2829 1088 2880 bene
1101 2844 1162 2880 cor·

101 2909 161 2976 375,
173 2908 309 2971 Horatius,
319 2910 342 2972 l,
352 2907 405 2962 Sat.
418 2923 451 2959 111
461 2945 468 2971 ,
482 2928 547 2961 vers
561 2911 608 2959 25:
655 2929 720 2993 pus²
731 2908 848 2961 adultera
858 2925 932 2959 mens
943 2915 996 2969 est,
1008 2927 1021 2948 »
1033 2915 1059 2956 et
1070 2902 1159 2967 initio,

102 2986 224 3053 «Quum
240 2996 285 3037 tua
301 2984 434 3053 pervideas
449 2986 529 3040 oculis
541 2984 608 3039 mele
657 2986 819 3056 Epigramm.
831 3007 865 3038 vs.
879 2989 901 3051 d
917 3004 924 3037 t
943 3007 955 3031 o
970 2985 1008 3038 Ut
1020 2983 1073 3050 jam
1092 2981 1162 3034 nulla

101 3064 188 3132 lippus
200 3062 320 3115 inunctis.
333 3086 346 3108 v
365 3062 528 3131 Quanquam
537 3083 609 3131 pre-
657 3064 704 3118 tibi
714 3083 762 3116 nm
774 3063 807 3117 sit
822 3062 909 3133 legisse
922 3063 1045 3130 voluptas.
1059 3082 1071 3105 »³
1092 3059 1163 3112 Actis

102 3147 191 3196 videas
213 3142 262 3195 illic
277 3153 338 3195 sunt
359 3142 404 3210 qui
426 3143 533 3210 legent,
554 3161 609 3196 non
657 3141 699 3194 lile
713 3143 741 3206 l,
755 3141 803 3207 34ss
816 3159 846 3191 z«
860 3140 900 3192 Ut
913 3140 967 3207 jam
982 3138 1090 3203 fallaris,
1107 3148 1162 3190 tuta

104 3220 172 3272 male
182 3238 264 3284 :mom
274 3220 409 3272 Stultitae'am
416 3237 496 3271 meam
506 3218 609 3272 Sarrae·
657 3219 759 3289 repulsu
771 3230 814 3271 tua
826 3229 873 3271 est.
886 3240 899 3263 v·
911 3217 953 3269 lib.
968 3218 1025 3283 ΙΙΙ,
1038 3221 1085 3288 89:
1096 3240 1108 3262 v
1122 3217 1161 3271 Ut

104 3299 215 3366 Argeut.
232 3307 259 3349 ct
275 3307 326 3349 tres
341 3296 390 3348 atii.
405 3297 442 3348 H.
658 3298 711 3365 jam
724 3295 868 3366 decipiant,
880 3293 941 3364 quid
955 3294 1082 3361 perditis?
1093 3318 1106 3340 ιο
1120 3314 1163 3347 se-

136 3377 176 3441 45.
196 3380 299 3442 (litaque
311 3393 356 3442 ego
367 3379 474 3442 peruersi
488 3384 537 3428 etc.
551 3375 612 3428 Hoc
658 3375 749 3443 quenti
767 3393 842 3427 versu
855 3391 903 3441 pro
914 3375 995 3425 dabat
1007 3372 1163 3427 chelrianus

106 3464 162 3522 est,
184 3454 300 3523 pepercit
319 3453 384 3506 mihi
404 3465 513 3507 eotenus
528 3492 535 3518 ,
558 3453 611 3507 sive
658 3465 685 3507 et
697 3465 809 3521 quatuor
822 3450 864 3505 alii
875 3454 941 3504 tant.
958 3450 992 3503 H.
1003 3478 1035 3489 -
1045 3453 1164 3517 Quamvis

105 3531 378 3601 quantumquumipse
384 3531 480 3585 merito
486 3529 613 3600 atquede·
657 3534 779 3585 rediberet
787 3549 855 3584 suas.
867 3529 994 3598 Quamvis
1005 3548 1058 3581 nou
1067 3549 1163 3602 magno

105 3610 165 3661 licto
177 3630 237 3663 meo
249 3610 356 3679 permisi
367 3610 441 3663 illum
449 3649 457 3675 ,
466 3620 524 3663 tum
533 3607 612 3662 etiem
659 3611 758 3679 impetn
770 3627 828 3661 eom
839 3609 980 3661 emitteret.

108 3704 189 3739 censu
200 3690 306 3753 qualitas
317 3707 390 3757 passa
401 3700 448 3741 est.
459 3689 563 3741 Mtcrt„
693 3688 830 3739 Sestius.
839 3686 920 3739 Hasta
926 3683 1032 3738 Achillis
1040 3683 1163 3738 fraxineo.

142 3763 291 3814 Sumere.
301 3767 410 3817 ΔΝΜ
417 3773 496 3831 puto,
507 3774 614 3819 utsem-
693 3765 731 3817 53.
749 3765 875 3817 ludicrum
894 3766 1012 3816 vrudrm's.
1029 3762 1164 3816 Judicium

107 3857 156 3908 per
164 3836 234 3898 alibi,
242 3838 298 3890 vide
306 3840 374 3892 Fest.
382 3840 425 3894 lib.
435 3843 457 3906 l,
467 3859 503 3893 vs.
511 3841 569 3895 236.
577 3840 613 3897 H.
660 3840 750 3893 ultoris
768 3839 878 3909 Augusti
889 3839 1021 3910 intellige,
1040 3839 1111 3908 qnod
1125 3837 1167 3888 ul-

77 3917 87 3957 l
109 3914 269 3967 -Ablove
282 3915 323 3965 Ab
332 3916 457 3981 ¹lugnole.
661 3927 702 3971 tus
715 3915 766 3969 suit
782 3917 881 3970 crimen
900 3936 990 3970 nreum
1007 3914 1165 3974 admissum,

141 3997 181 4046 51.
195 3994 616 4059 Ipsesuasquamm'svc'rest'nde'be·
662 4013 704 4047 me
718 3993 868 4065 relegendo.

112 4071 345 4138 recActe'tte-stse
356 4087 417 4121 suas
428 4074 503 4122 etcum
514 4068 616 4127 Sarrae.
695 4074 734 4123 sti.
752 4073 808 4125 Hoc
825 4090 924 4139 quoque.
945 4070 1004 4121 Hoc
1019 4065 1096 4120 etiam
1111 4100 1119 4127 ,
1137 4072 1167 4115 ut

929 4326 935 4359 l
