2722 4702
144 356 209 438 rlaa
416 350 455 413 P.
487 346 664 415 OVlDlI
690 343 921 413 NASONIS

145 493 180 564 Si
199 489 274 590 quis
289 488 324 559 in
339 486 399 559 hac
417 486 525 585 ipsum
543 501 625 556 terra
642 482 805 584 posuisset
821 485 1024 572 Homerum,

193 605 313 684 Esset,
327 598 421 672 crede
437 598 537 683 mibi,
556 598 661 670 factus
679 614 712 669 et
728 593 782 668 ille
801 595 908 669 Getes.

142 719 196 790 Da
211 716 334 789 veniam
350 717 454 801 fass03
473 713 591 787 studiis
609 741 740 814 quoque
758 714 849 786 frena
865 712 997 799 remiei3

194 831 338 904 Ducitur
352 847 386 902 et
403 829 515 924 digitis
531 828 622 902 litera
639 855 713 900 rara
728 827 819 900 meis.

147 951 295 1049 Impetus
309 944 363 1018 ille
381 972 487 1032 sacer,
507 944 564 1045 qui
578 962 688 1017 vatum
706 961 839 1044 pectora
854 942 975 1030 nutrit,
1170 963 1199 1015 25

195 1060 264 1156 Qui
279 1058 373 1159 prius
391 1058 538 1131 innubis
555 1084 623 1132 esse
640 1056 785 1146 solebat,
801 1058 904 1130 abest.

146 1176 211 1249 t'ix
229 1175 316 1247 venit
332 1174 372 1247 ad
389 1191 513 1275 partes,
532 1173 585 1246 vix
602 1190 715 1245 sumtae
733 1175 832 1246 Musa
847 1170 971 1245 tabella

194 1291 341 1393 Imponit
357 1288 467 1390 pigras
483 1316 573 1390 paene
588 1307 698 1364 coacta
715 1316 842 1362 manus.

146 1408 331 1505 Parvaque,
346 1432 387 1477 ne
406 1405 509 1477 dicam
528 1404 690 1478 scribendi
705 1403 797 1477 nulla
812 1403 963 1503 voluptas

194 1525 257 1595 Est.
273 1520 373 1599 milri:
390 1547 449 1591 nec
465 1520 609 1592 numeris
625 1535 751 1592 nectere
768 1518 865 1591 verba
882 1519 982 1616 juvat
1166 1540 1199 1591 ³0

147 1636 221 1706 Sive
239 1634 328 1732 quod
348 1634 423 1704 hinc
440 1633 566 1706 lmctus
582 1633 664 1705 adeo
679 1661 746 1705 non
765 1633 911 1733 cepimus
926 1631 1030 1718 ullor,

192 1746 393 1844 Principium
410 1747 516 1819 nostri
531 1773 583 1819 res
600 1747 644 1820 sit
660 1763 698 1818 ut
716 1747 778 1818 ista
796 1746 895 1820 mali:

142 1860 217 1933 Sive
234 1861 324 1958 quod
342 1862 376 1932 in
394 1860 535 1934 tenebris
553 1890 748 1935 numerosos
764 1890 887 1962 ponere
905 1890 1053 1959 mosne,

192 1974 358 2075 Quodque
372 1973 460 2069 legas
478 1973 582 2061 nulli,
599 1977 740 2048 scribere
757 2004 903 2063 carmen,
923 1976 1010 2051 idem
1030 1995 1091 2052 est.

144 2089 275 2163 Excitat
291 2091 420 2164 auditor
437 2091 601 2176 studium;
616 2090 811 2192 laudataque
824 2094 927 2167 virtus
1103 2096 1114 2107 ’
1167 2113 1196 2168 35

194 2205 337 2291 Crescit,
357 2224 390 2279 et
407 2207 601 2279 immensum
617 2205 720 2300 gloria
737 2206 839 2280 calcar
854 2207 963 2280 habet.

143 2319 208 2393 Hic
222 2349 290 2391 mea
309 2320 362 2392 cui
379 2320 532 2407 recitem,
547 2322 611 2394 nisi
628 2320 717 2395 ssavis
734 2323 854 2422 scripta
871 2321 1032 2411 Corallis,

191 2435 349 2532 Quasque
366 2433 444 2505 alias
462 2453 575 2528 gentes
590 2436 749 2510 barbaros
762 2441 846 2510 lster
861 2438 986 2511 habet?

142 2548 207 2625 Sed
226 2547 306 2648 qnid
324 2547 415 2621 solus
432 2554 549 2644 agam?
568 2581 696 2652 quaque
713 2549 854 2625 infelicia
870 2556 1004 2654 perdam

174 2760 212 2791 αι.
229 2741 260 2791 In
270 2742 397 2790 haclerra.
411 2740 442 2793 ln
453 2738 596 2801 Tomitana
608 2740 643 2791 ci·
691 2759 735 2791 sus
744 2740 864 2791 nonnulli
873 2760 902 2791 ex
913 2742 1039 2811 antiquis,
1052 2742 1120 2810 quod
1131 2743 1192 2795 Ber·

143 2817 220 2870 vitato
230 2855 239 2882 ,
252 2817 322 2868 inter
332 2814 461 2869 barbaros.
691 2837 802 2870 smanno
811 2817 945 2872 adridebat
953 2841 959 2872 :
967 2820 1193 2890 srustralntelligit

177 2917 215 2948 π.
233 2898 310 2946 Esset
313 2893 404 2960 factm
420 2897 504 2946 Getes.
515 2892 643 2948 Redditus
691 2897 912 2967 gesticulationem
924 2918 1050 2953 manuum
1061 2920 1116 2969 quie
1127 2900 1192 2953 iuter

142 2972 536 3042 suissetpoeticosquasiexpers,
546 2980 643 3024 utount
689 2975 836 3027 saltandum
853 2975 938 3027 tiebat.
954 2979 1041 3031 Versu
1056 2979 1188 3047 proximo,

144 3054 231 3119 Getae,
241 3070 353 3120 quorum
364 3062 445 3106 terrae
453 3070 502 3120 ego
516 3050 610 3104 incolo.
691 3052 916 3119 proteganscalig.
924 3053 1191 3119 legantJetsicAroud.

173 3133 212 3185 23.
219 3133 314 3184 Studiis
320 3150 413 3200 quoque
414 3129 492 3196 frena
502 3129 644 3183 Μῶλυ·
689 3129 734 3182 sed
742 3130 813 3182 nullo
820 3151 885 3198 opus
893 3133 1038 3186 mutatione
1048 3137 1142 3199 ,legere
1148 3151 1191 3202 pro

143 3209 241 3263 remisi
253 3211 331 3264 etiam
340 3209 456 3264 studium
467 3210 612 3264 literarum.
650 3273 654 3282 Ι
689 3206 797 3259 recitare
803 3205 873 3259 dixit.
882 3207 957 3259 ll.-
965 3211 1117 3263 Numerosos
1126 3229 1194 3279 gres-

177 3310 217 3358 ³7·
235 3290 285 3340 Vix
295 3293 365 3342 uenit
373 3290 503 3356 adportes.
515 3288 576 3340 Hoc
587 3298 643 3353 est,
689 3303 741 3336 sus.
754 3281 838 3338 Pedes
846 3284 896 3337 auio
906 3287 1024 3339 numeris
1032 3298 1059 3341 ot
1069 3289 1194 3357 gressibus

143 3365 643 3426 vindofficiumsoumredir:officium
690 3361 1107 3419 astricta-Poneresscribeudo
1120 3366 1195 3421 collo·

143 3453 230 3495 autem
250 3445 334 3497 nrum
347 3455 404 3510 est,
418 3455 500 3512 poetae
513 3441 645 3497 invocanti
691 3462 756 3496 care.
769 3443 882 3496 Parme
892 3442 1193 3506 Burmannuscoujicie-

144 3517 237 3573 adesse.
247 3521 299 3572 Vel
312 3519 351 3570 vix
364 3519 437 3573 venit
451 3522 480 3573 in
492 3533 592 3588 partem
605 3520 644 3574 la·
691 3519 748 3584 bat,
759 3518 805 3572 aed
814 3530 905 3573 eontra
914 3539 1020 3575 semum
1028 3529 1056 3570 et
1066 3524 1194 3568 metrum.

141 3592 225 3657 borio,
242 3594 433 3662 tergiversatur.
448 3622 479 3635 -
491 3597 538 3648 Aa
549 3608 643 3663 partes.
722 3597 763 3662 34.
780 3598 848 3649 Ideo·
868 3606 915 3649 est.
937 3600 1013 3650 Obest
1030 3590 1104 3644 Leid.
1128 3592 1193 3648 edit.

146 3673 190 3727 Sic
197 3672 291 3726 Juven.
300 3673 401 3741 Satint
413 3693 419 3727 :
432 3695 445 3720 ε
458 3676 568 3729 eatmilri
576 3697 643 3747 stepo
693 3673 795 3747 Grypb·
808 3675 907 3729 Benm.
918 3684 946 3726 et
956 3672 1005 3725 alii·

144 3746 275 3801 vocandus
288 3751 328 3802 Ad
340 3762 432 3819 portes.
442 3773 455 3798 n
723 3754 762 3823 37.
771 3755 904 3820 Nakrssmk
916 3749 1031 3801 enatat.
1041 3745 1143 3803 Coralli
1151 3768 1193 3817 po·

177 3845 217 3898 ²9·
239 3828 365 3892 Voluptas.
380 3828 423 3883 sic
435 3829 532 3893 nostri;
550 3834 644 3884 uolon-
691 3830 745 3897 puli
755 3830 825 3885 suoru
835 3828 915 3881 inora
924 3824 1030 3880 Pontici
1038 3827 1126 3879 morio.
1138 3829 1192 3879 He·

144 3914 186 3957 tas
199 3907 229 3959 P.
246 3903 314 3957 Dan.
330 3914 356 3956 et
368 3907 442 3959 multi
451 3906 499 3961 alii.
690 3912 728 3958 ris
740 3907 780 3961 vel
793 3905 824 3960 ad
834 3921 957 3970 comam,
970 3913 1002 3956 ut
1015 3911 1107 3972 ξανθοὺς
1115 3901 1191 3956 intel-

175 3985 216 4036 32.
233 3986 286 4037 Res
297 3988 357 4037 ista.
367 3983 471 4037 Poetioa
481 3985 593 4040 facultas.
691 3983 752 4053 ligat
762 4005 834 4051 essa,
845 3995 873 4039 et
888 4003 936 4053 per
949 3982 1014 4048 boo,
1025 3981 1136 4035 feroces:
1150 3978 1188 4030 vel

176 4062 215 4112 33.
223 4065 559 4129 Numerososponeregestns.
567 4066 641 4117 ὄνοι·
691 4061 724 4115 ad
732 4063 825 4132 reliqui
836 4063 951 4132 torporis
958 4059 1072 4115 colorem
1082 4055 1188 4110 adlude-
