2722 4702
307 347 376 411 rx
400 343 578 411 rouro
601 307 697 409 nm.
723 344 791 411 1v.
817 344 981 411 urrsr.
1007 348 1051 412 x.

201 486 359 560 Securum
377 486 462 560 latus
479 487 544 559 hoc
561 515 629 559 non
648 504 755 558 tamen
772 513 842 559 esse
858 487 980 560 sinunt.

154 602 218 674 llic
235 602 305 695 agri
322 603 508 692 infrondes‚
525 604 579 676 hic
598 600 722 701 spicula
738 601 840 674 tincta
856 604 1012 691 venenis3
1049 653 1052 661 -

202 716 266 788 llic
283 716 364 789 lreta
383 717 432 788 rel
450 717 553 817 pediti
570 716 680 817 pervia
696 715 805 789 reddit
819 715 955 817 hyems:

152 831 219 916 Ut,
242 860 304 930 qua
322 860 431 905 remus
448 832 510 904 iter
525 829 631 931 pulsis
648 831 747 904 modo
765 832 885 905 lecerat
900 830 1017 920 undis,

201 934 319 1018 Siccus'
332 964 494 1020 contemta
512 975 592 1019 nare
609 945 715 1018 viator
731 964 792 1019 eat.

152 1060 223 1157 Qui
240 1061 376 1133 veniunt
392 1063 507 1147 istinc,
526 1062 578 1133 vix
596 1089 707 1133 rosea
725 1061 855 1135 credere
873 1060 1011 1148 dicunt:

199 1175 310 1270 Quam
326 1174 425 1248 miser
441 1192 507 1262 est,
526 1174 582 1274 qui
598 1173 662 1246 sert
677 1176 840 1274 asperiora
853 1175 936 1249 lide!

154 1287 258 1361 Crede
276 1304 384 1359 tamen
401 1305 529 1361 :necte
545 1315 658 1360 causas
675 1289 800 1361 nescire
813 1290 972 1376 sinem'us,

200 1403 342 1475 Horrida
361 1403 575 1478 Sarmaticum
592 1433 651 1476 eur
666 1431 753 1476 mare
770 1404 865 1478 duret
880 1406 1003 1505 hyems.

151 1516 304 1591 Proxima
321 1537 400 1592 sunt
415 1519 513 1592 nobis
527 1519 668 1619 plaustri
683 1519 864 1619 praebentia
880 1520 1038 1605 sormam,

198 1635 244 1706 Et
261 1662 334 1734 qua
348 1635 550 1734 praecipuum
567 1633 673 1707 sidera
688 1635 794 1728 frigus
810 1636 944 1709 habent.
1178 1653 1210 1720 4ο

150 1749 239 1821 llinc
257 1750 363 1850 oritur
378 1752 517 1837 Boreas,
537 1777 667 1848 oraque
686 1748 885 1822 domesticus
898 1749 976 1823 huic
993 1766 1057 1835 est,

200 1851 360 1934 Etsuinit
378 1864 461 1936 vires
478 1894 497 1937 a
513 1865 672 1964 propiore
690 1865 774 1937 loco.

153 1977 200 2048 At
216 1978 340 2060 Notus,
360 1976 494 2050 adverso
510 1977 657 2076 tepidum
676 1977 734 2076 qui
752 1976 856 2075 spirat
872 1975 913 2048 ab
930 2005 1009 2064 axe,

200 2091 263 2163 Est
278 2089 415 2189 procul,
435 2108 468 2165 et
484 2118 576 2163 rarus
593 2089 844 2189 languidiorque
859 2090 957 2162 venit.

151 2209 247 2282 Adde
264 2207 354 2309 quod
371 2207 424 2280 hie
444 2207 554 2280 clauso
572 2207 750 2283 miscentur
764 2205 898 2279 llumina
914 2206 1040 2291 Ponto,
1177 2228 1209 2295 45

149 2373 247 2426 lestcnt
262 2373 383 2425 dextrum
402 2373 461 2425 litus
477 2372 579 2426 Pontici
598 2391 657 2424 ma·
706 2373 787 2424 modo
801 2369 869 2440 apud
879 2371 1023 2440 scriptores.
1037 2367 1117 2422 Multi
1129 2371 1210 2439 potis-

150 2453 201 2516 ris,
213 2471 268 2504 non
279 2463 367 2504 tamen
374 2452 526 2521 relinquunt
534 2452 658 2505 intactam
706 2451 802 2504 simum
812 2450 839 2502 in
851 2468 883 2503 eo
899 2450 1029 2502 Ausonius
1042 2461 1068 2502 et
1081 2447 1209 2501 Claudia-

151 2548 225 2582 orarn
234 2531 411 2585 Tomitanam.
706 2549 763 2582 nus.
777 2528 900 2582 Paulinus
910 2529 1025 2581 carmine
1040 2525 1168 2596 Sapphico
1176 2527 1209 2580 ad

183 2609 223 2660 31.
239 2610 341 2674 Spr'cula
359 2619 426 2661 lecta
438 2613 548 2662 uenenis.
567 2610 657 2662 diiecto
706 2607 825 2661 Nicetam
838 2607 986 2675 episcopum
996 2644 1003 2671 ,
1013 2627 1026 2650 o
1037 2605 1086 2658 Ast
1093 2603 1137 2656 ubi
1149 2622 1209 2673 pan·

150 2702 209 2738 cum
222 2685 349 2755 plerisque
361 2687 461 2754 seriptis
472 2685 581 2754 praetuli.
704 2685 759 2735 lum
770 2683 971 2752 viaproferetnr‚
984 2684 1151 2751 Det,precor,
1162 2679 1209 2734 mi·

182 2766 221 2817 35.
239 2768 326 2815 Isleisc.
342 2766 414 2817 Istuc
425 2765 532 2815 Junian.
546 2764 654 2815 Putean.
706 2773 743 2815 tes
754 2763 798 2814 tibi
814 2762 933 2814 Christus
942 2772 1032 2828 aestus,
1045 2760 1080 2812 Et
1090 2759 1146 2812 leve
1155 2760 1209 2829 spi-

152 2852 177 2892 et
186 2838 324 2892 duodecim
336 2838 392 2902 alii;
405 2846 464 2893 r'sle'c
474 2858 524 2891 sex.
705 2840 883 2892 retsinenube
894 2839 965 2891 siccis
977 2839 1048 2891 Aura
1061 2834 1187 2889 Calabris.
1195 2857 1208 2882 u

183 2919 222 2983 37.
237 2919 343 2968 Causas·
356 2918 464 2969 Causam
474 2935 517 2968 sex
529 2914 616 2983 scripti
628 2925 654 2967 ct
705 2917 746 2969 lta
767 2919 921 2969 veterrimus
942 2916 1022 2970 codex
1042 2914 1206 2967 Vossianus:

153 2994 215 3046 editi
228 2994 334 3062 quidam
345 3013 351 3046 :
363 2994 409 3047 sed
420 2996 502 3047 nostri
514 3012 617 3046 causas.
705 3012 764 3045 mox
774 2993 843 3046 idem
853 2993 992 3060 Paulinus,
1001 3017 1014 3039 ι(
1022 2995 1092 3046 lene
1099 2993 1134 3045 sic
1141 2991 1208 3045 sudo

184 3073 223 3144 39.
235 3074 462 3138 &deraprebeutia
468 3072 655 3140 lormamplan·
705 3081 825 3123 tenuatus
832 3091 884 3124 aer.
894 3071 1012 3124 »Seneca
1021 3071 1120 3138 OEdipo
1129 3090 1135 3122 :
1143 3069 1208 3123 «le-

152 3154 205 3199 πή.
215 3148 421 3218 septemtriones
431 3148 500 3202 dicit.
704 3149 744 3202 nis
760 3161 785 3202 et
803 3150 936 3202 modicum
953 3149 1038 3202 fluens
1057 3151 1145 3214 Aura,
1159 3167 1208 3204 nec

185 3228 225 3290 4¹·
242 3230 294 3278 Hic
301 3231 380 3279 oratur
386 3230 491 3280 Boreas.
505 3227 537 3279 ln
549 3224 597 3278 hac
606 3244 654 3279 re-
704 3244 813 3293 vergens
826 3225 892 3278 latus
901 3223 1152 3295 Ducatintrepidam
1166 3243 1209 3278 ra·

153 3302 228 3369 gione
242 3304 435 3370 septentrionali
452 3305 549 3356 Boreas
567 3302 656 3354 nasci-
704 3304 842 3356 cem.»H.
1068 3317 1069 3321 ’

152 3390 215 3444 tur,
233 3390 259 3432 et
278 3379 341 3433 flare
361 3381 450 3450 incipit
466 3379 655 3434 vehementius.
736 3385 776 3447 45.
793 3383 869 3434 Adde
877 3384 945 3449 quod
953 3384 995 3433 hic
1005 3385 1102 3435 clauso.
1115 3381 1210 3437 Scribit

151 3451 309 3514 Nostri'linc
319 3465 401 3513 oritur.
413 3489 444 3499 -
459 3462 560 3527 Oraque
567 3463 655 3511 dom·
704 3459 868 3524 Macrobius,
881 3478 977 3528 aquam
990 3459 1119 3512 marinam
1134 3479 1210 3514 nun-

152 3544 230 3590 str'cus
247 3540 305 3589 hore
323 3549 368 3590 cst.
390 3536 424 3588 Et
440 3548 478 3590 est
496 3536 655 3604 propinquus
703 3555 781 3606 quam
791 3537 849 3605 gelu
860 3536 987 3590 contrahi.
1002 3535 1054 3591 Sed
1066 3537 1093 3588 in
1106 3535 1154 3592 illis
1166 3558 1209 3592 re-

152 3612 212 3666 huic
224 3615 340 3684 regioni,
352 3633 430 3682 quarn
441 3633 489 3683 ego
503 3613 597 3665 incolo.
704 3617 822 3685 gionibus
831 3615 974 3686 plurimum
982 3629 1021 3672 est
1027 3618 1170 3673 fluviorum
1180 3629 1207 3672 et
1247 3678 1248 3682 Ἰ

185 3693 224 3754 43.
242 3696 279 3745 A!
289 3695 378 3756 Notus,
389 3696 493 3744 adverso
504 3694 602 3758 tepidus
611 3695 657 3757 qui
703 3694 828 3763 paludum
839 3697 866 3749 in
877 3696 931 3765 ipsa
939 3698 1020 3750 maria
1032 3697 1208 3753 influentium.

152 3773 233 3832 spirat
240 3774 272 3818 ab
282 3791 338 3823 axe.
352 3774 469 3837 Tepidum
478 3776 522 3837 qni
529 3775 655 3836 spitone-
704 3773 860 3841 superficies
872 3775 966 3840 maris,
979 3776 1020 3829 cui
1035 3777 1123 3830 dulces
1135 3790 1208 3840 ηπ

151 3843 217 3894 etius
227 3845 371 3911 complures
383 3867 412 3900 es
424 3845 529 3915 scriptis.
540 3844 655 3899 Avienus
703 3849 833 3915 innatant,
842 3851 1207 3921 congelascit-Postulan-

153 3921 446 3989 indeseriptioneorbis:
456 3946 468 3969 a
479 3923 526 3975 Vel
536 3941 587 3990 qua
598 3923 655 3977 lene
703 3945 739 3978 so.
751 3926 822 3979 Mari
832 3927 1141 3996 Euxinocircumquaque
1149 3923 1207 3976 lilo-
1236 3981 1238 3984 ,

154 4000 332 4069 Notusspirat,
342 4001 534 4069 cpraperstrepit
543 4002 653 4055 Eurus.»
703 4001 773 4055 ribus
783 4016 870 4074 septo,
882 4027 931 4061 nec
943 4009 1024 4061 ullum
1037 4003 1115 4056 alium
1133 4019 1209 4053 mea-t

153 4078 226 4132 Nihil
244 4078 324 4146 magis
342 4079 447 4132 obvium
464 4080 513 4132 hoc
532 4077 656 4148 loquendi
703 4089 760 4133 tum
774 4081 899 4152 habenti,
915 4085 964 4136 nisi
977 4079 1175 4148 Propontidem.
