<?xml version="1.0" encoding="UTF-8"?>
<!DOCTYPE html PUBLIC "-//W3C//DTD XHTML 1.0 Transitional//EN"
    "http://www.w3.org/TR/xhtml1/DTD/xhtml1-transitional.dtd">
<html xmlns="http://www.w3.org/1999/xhtml" xml:lang="en" lang="en">
 <head>
  <title>
</title>
<meta http-equiv="Content-Type" content="text/html;charset=utf-8" />
  <meta name='ocr-system' content='tesseract 3.04.00' />
  <meta name='ocr-capabilities' content='ocr_page ocr_carea ocr_par ocr_line ocrx_word'/>
</head>
<body>
  <div class='ocr_page' id='page_1' title='image "./publiiovidiinas04massgoog/publiiovidiinas04massgoog_0226.png"; bbox 0 0 2722 4702; ppageno 0'>
   <div class='ocr_carea' id='block_1_1' title="bbox 144 283 916 392">
    <p class='ocr_par' dir='ltr' id='par_1_1' title="bbox 144 283 916 392">
     <span class='ocr_line' id='line_1_1' title="bbox 144 283 916 392; baseline -0.003 -1"><span class='ocrx_word' id='word_1_1' title='bbox 144 283 236 392; x_wconf 72' lang='grc' dir='ltr'><strong>..ε’</strong></span> <span class='ocrx_word' id='word_1_2' title='bbox 412 323 452 387; x_wconf 83' lang='lat' dir='ltr'><strong>r.</strong></span> <span class='ocrx_word' id='word_1_3' title='bbox 486 318 661 387; x_wconf 80' lang='lat' dir='ltr'><strong>ovrnn</strong></span> <span class='ocrx_word' id='word_1_4' title='bbox 690 318 916 389; x_wconf 73' lang='lat' dir='ltr'><strong>unsonrs</strong></span> 
     </span>
    </p>
   </div>
   <div class='ocr_carea' id='block_1_2' title="bbox 142 459 1201 2299">
    <p class='ocr_par' dir='ltr' id='par_1_2' title="bbox 142 459 1201 679">
     <span class='ocr_line' id='line_1_2' title="bbox 142 459 1201 563; baseline -0.002 -26"><span class='ocrx_word' id='word_1_5' title='bbox 142 464 243 563; x_wconf 86' lang='lat' dir='ltr'><strong>Sique</strong></span> <span class='ocrx_word' id='word_1_6' title='bbox 262 459 353 562; x_wconf 86' lang='lat' dir='ltr'><strong>quud</strong></span> <span class='ocrx_word' id='word_1_7' title='bbox 368 461 512 534; x_wconf 86' lang='lat' dir='ltr'><strong>instabat</strong></span> <span class='ocrx_word' id='word_1_8' title='bbox 527 459 664 533; x_wconf 84' lang='lat' dir='ltr'><strong>dominae</strong></span> <span class='ocrx_word' id='word_1_9' title='bbox 681 460 865 535; x_wconf 81' lang='lat' dir='ltr'>miserabile</span> <span class='ocrx_word' id='word_1_10' title='bbox 880 459 1016 550; x_wconf 87' lang='lat' dir='ltr'><strong>vulnus,</strong></span> <span class='ocrx_word' id='word_1_11' title='bbox 1172 490 1201 543; x_wconf 74' lang='lat'><strong>15</strong></span> 
     </span>
     <span class='ocr_line' id='line_1_3' title="bbox 192 576 966 679; baseline -0.004 -27"><span class='ocrx_word' id='word_1_12' title='bbox 192 580 245 653; x_wconf 90' lang='lat' dir='ltr'><strong>Sit</strong></span> <span class='ocrx_word' id='word_1_13' title='bbox 261 577 429 679; x_wconf 80' lang='lat' dir='ltr'><strong>perfuncta</strong></span> <span class='ocrx_word' id='word_1_14' title='bbox 445 577 526 650; x_wconf 89' lang='lat' dir='ltr'><strong>meis</strong></span> <span class='ocrx_word' id='word_1_15' title='bbox 544 594 673 676; x_wconf 86' lang='lat' dir='ltr'><strong>tempus</strong></span> <span class='ocrx_word' id='word_1_16' title='bbox 688 578 724 650; x_wconf 92' lang='lat' dir='ltr'><strong>in</strong></span> <span class='ocrx_word' id='word_1_17' title='bbox 743 605 837 651; x_wconf 90' lang='lat' dir='ltr'><strong>omne</strong></span> <span class='ocrx_word' id='word_1_18' title='bbox 853 576 966 651; x_wconf 86' lang='lat' dir='ltr'><strong>malis:</strong></span> 
     </span>
    </p>

    <p class='ocr_par' dir='ltr' id='par_1_3' title="bbox 145 691 1142 908">
     <span class='ocr_line' id='line_1_4' title="bbox 145 691 1142 796; baseline 0.002 -27"><span class='ocrx_word' id='word_1_19' title='bbox 145 696 295 796; x_wconf 81' lang='lat' dir='ltr'><strong>Quaequc</strong></span> <span class='ocrx_word' id='word_1_20' title='bbox 311 695 400 791; x_wconf 79' lang='lat' dir='ltr'><strong>gravi</strong></span> <span class='ocrx_word' id='word_1_21' title='bbox 417 722 522 794; x_wconf 85' lang='lat' dir='ltr'><strong>nuper</strong></span> <span class='ocrx_word' id='word_1_22' title='bbox 539 691 615 792; x_wconf 92' lang='lat' dir='ltr'><strong>plus</strong></span> <span class='ocrx_word' id='word_1_23' title='bbox 632 722 728 793; x_wconf 90' lang='lat' dir='ltr'><strong>quam</strong></span> <span class='ocrx_word' id='word_1_24' title='bbox 745 712 898 795; x_wconf 85' lang='lat' dir='ltr'><strong>quassata</strong></span> <span class='ocrx_word' id='word_1_25' title='bbox 914 693 1059 794; x_wconf 89' lang='lat' dir='ltr'><strong>procella</strong></span> <span class='ocrx_word' id='word_1_26' title='bbox 1074 714 1142 787; x_wconf 88' lang='lat' dir='ltr'><strong>est,</strong></span> 
     </span>
     <span class='ocr_line' id='line_1_5' title="bbox 193 807 969 908; baseline 0 -27"><span class='ocrx_word' id='word_1_27' title='bbox 193 807 296 905; x_wconf 81' lang='lat' dir='ltr'><strong>Quod</strong></span> <span class='ocrx_word' id='word_1_28' title='bbox 312 823 477 908; x_wconf 82' lang='lat' dir='ltr'><strong>superest,</strong></span> <span class='ocrx_word' id='word_1_29' title='bbox 496 823 605 880; x_wconf 91' lang='lat' dir='ltr'><strong>tutum</strong></span> <span class='ocrx_word' id='word_1_30' title='bbox 621 834 682 906; x_wconf 89' lang='lat' dir='ltr'><strong>per</strong></span> <span class='ocrx_word' id='word_1_31' title='bbox 696 835 782 880; x_wconf 85' lang='lat' dir='ltr'><strong>mare</strong></span> <span class='ocrx_word' id='word_1_32' title='bbox 800 808 892 882; x_wconf 87' lang='lat' dir='ltr'><strong>navis</strong></span> <span class='ocrx_word' id='word_1_33' title='bbox 908 825 969 882; x_wconf 86' lang='lat' dir='ltr'><strong>cat.</strong></span> 
     </span>
    </p>

    <p class='ocr_par' dir='ltr' id='par_1_4' title="bbox 144 920 938 1138">
     <span class='ocr_line' id='line_1_6' title="bbox 144 920 938 1023; baseline -0.001 -29"><span class='ocrx_word' id='word_1_34' title='bbox 144 920 205 996; x_wconf 94' lang='grc'>1113</span> <span class='ocrx_word' id='word_1_35' title='bbox 223 921 338 1009; x_wconf 87' lang='lat' dir='ltr'><strong>domo,</strong></span> <span class='ocrx_word' id='word_1_36' title='bbox 356 939 496 1023; x_wconf 89' lang='lat' dir='ltr'><strong>nataque</strong></span> <span class='ocrx_word' id='word_1_37' title='bbox 513 949 586 1007; x_wconf 86' lang='lat' dir='ltr'><strong>sua,</strong></span> <span class='ocrx_word' id='word_1_38' title='bbox 606 920 777 1021; x_wconf 84' lang='lat' dir='ltr'><strong>patriaque</strong></span> <span class='ocrx_word' id='word_1_39' title='bbox 793 920 938 994; x_wconf 82' lang='lat' dir='ltr'><strong>fruatur:</strong></span> 
     </span>
     <span class='ocr_line' id='line_1_7' title="bbox 193 1036 827 1138; baseline -0.003 -28"><span class='ocrx_word' id='word_1_40' title='bbox 193 1038 315 1138; x_wconf 86' lang='lat' dir='ltr'><strong>Erepta</strong></span> <span class='ocrx_word' id='word_1_41' title='bbox 333 1039 402 1113; x_wconf 83' lang='lat' dir='ltr'><strong>baec</strong></span> <span class='ocrx_word' id='word_1_42' title='bbox 417 1040 476 1113; x_wconf 88' lang='lat' dir='ltr'><strong>uni</strong></span> <span class='ocrx_word' id='word_1_43' title='bbox 493 1039 535 1111; x_wconf 92' lang='lat' dir='ltr'><strong>sit</strong></span> <span class='ocrx_word' id='word_1_44' title='bbox 552 1039 631 1112; x_wconf 87' lang='lat' dir='ltr'><strong>satis</strong></span> <span class='ocrx_word' id='word_1_45' title='bbox 647 1064 717 1111; x_wconf 90' lang='lat' dir='ltr'><strong>esse</strong></span> <span class='ocrx_word' id='word_1_46' title='bbox 735 1036 827 1110; x_wconf 90' lang='lat' dir='ltr'><strong>mibi.</strong></span> 
     </span>
    </p>

    <p class='ocr_par' dir='ltr' id='par_1_5' title="bbox 146 1149 935 1343">
     <span class='ocr_line' id='line_1_8' title="bbox 146 1149 935 1250; baseline -0.003 -26"><span class='ocrx_word' id='word_1_47' title='bbox 146 1151 322 1248; x_wconf 77' lang='lat' dir='ltr'><strong>Quatenus</strong></span> <span class='ocrx_word' id='word_1_48' title='bbox 339 1171 371 1226; x_wconf 87' lang='lat' dir='ltr'><strong>et</strong></span> <span class='ocrx_word' id='word_1_49' title='bbox 388 1181 455 1226; x_wconf 89' lang='lat' dir='ltr'><strong>nun</strong></span> <span class='ocrx_word' id='word_1_50' title='bbox 472 1153 573 1238; x_wconf 80' lang='lat' dir='ltr'><strong>estin</strong></span> <span class='ocrx_word' id='word_1_51' title='bbox 590 1180 664 1226; x_wconf 89' lang='lat' dir='ltr'><strong>carn</strong></span> <span class='ocrx_word' id='word_1_52' title='bbox 681 1151 822 1250; x_wconf 80' lang='lat' dir='ltr'><strong>conjuge</strong></span> <span class='ocrx_word' id='word_1_53' title='bbox 840 1149 935 1234; x_wconf 80' lang='lat' dir='ltr'><strong>felix,</strong></span> 
     </span>
     <span class='ocr_line' id='line_1_9' title="bbox 194 1267 828 1343; baseline -0.005 -2"><span class='ocrx_word' id='word_1_54' title='bbox 194 1269 274 1343; x_wconf 90' lang='lat' dir='ltr'><strong>Pars</strong></span> <span class='ocrx_word' id='word_1_55' title='bbox 290 1268 363 1342; x_wconf 78' lang='lat' dir='ltr'><strong>vita</strong></span> <span class='ocrx_word' id='word_1_56' title='bbox 379 1268 465 1341; x_wconf 87' lang='lat' dir='ltr'><strong>tristi</strong></span> <span class='ocrx_word' id='word_1_57' title='bbox 484 1285 596 1342; x_wconf 82' lang='lat' dir='ltr'><strong>catera</strong></span> <span class='ocrx_word' id='word_1_58' title='bbox 611 1267 701 1340; x_wconf 89' lang='lat' dir='ltr'><strong>nube</strong></span> <span class='ocrx_word' id='word_1_59' title='bbox 718 1283 828 1340; x_wconf 84' lang='lat' dir='ltr'><strong>vacet:</strong></span> 
     </span>
    </p>

    <p class='ocr_par' dir='ltr' id='par_1_6' title="bbox 143 1380 1119 1600">
     <span class='ocr_line' id='line_1_10' title="bbox 143 1380 1119 1487; baseline 0.001 -32"><span class='ocrx_word' id='word_1_60' title='bbox 143 1383 259 1472; x_wconf 84' lang='lat' dir='ltr'>Vivat,</span> <span class='ocrx_word' id='word_1_61' title='bbox 276 1402 427 1487; x_wconf 88' lang='lat' dir='ltr'><strong>ametque</strong></span> <span class='ocrx_word' id='word_1_62' title='bbox 443 1386 564 1477; x_wconf 86' lang='lat' dir='ltr'><strong>virum,</strong></span> <span class='ocrx_word' id='word_1_63' title='bbox 583 1385 740 1486; x_wconf 86' lang='lat' dir='ltr'><strong>quoniam</strong></span> <span class='ocrx_word' id='word_1_64' title='bbox 754 1383 801 1457; x_wconf 88' lang='lat' dir='ltr'><strong>sic</strong></span> <span class='ocrx_word' id='word_1_65' title='bbox 818 1380 964 1477; x_wconf 80' lang='lat' dir='ltr'><strong>cogitur,</strong></span> <span class='ocrx_word' id='word_1_66' title='bbox 983 1380 1119 1469; x_wconf 87' lang='lat' dir='ltr'><strong>absens;</strong></span> 
     </span>
     <span class='ocr_line' id='line_1_11' title="bbox 191 1497 983 1600; baseline -0.003 -28"><span class='ocrx_word' id='word_1_67' title='bbox 191 1499 469 1600; x_wconf 87' lang='lat' dir='ltr'><strong>Consummetque</strong></span> <span class='ocrx_word' id='word_1_68' title='bbox 488 1527 611 1585; x_wconf 88' lang='lat' dir='ltr'><strong>annos,</strong></span> <span class='ocrx_word' id='word_1_69' title='bbox 628 1497 686 1572; x_wconf 89' lang='lat' dir='ltr'><strong>sed</strong></span> <span class='ocrx_word' id='word_1_70' title='bbox 705 1497 879 1584; x_wconf 82' lang='lat' dir='ltr'><strong>diuturna,</strong></span> <span class='ocrx_word' id='word_1_71' title='bbox 896 1523 983 1570; x_wconf 79' lang='lat' dir='ltr'><strong>suos</strong></span> 
     </span>
    </p>

    <p class='ocr_par' dir='ltr' id='par_1_7' title="bbox 145 1613 948 1834">
     <span class='ocr_line' id='line_1_12' title="bbox 145 1613 919 1716; baseline -0.006 -26"><span class='ocrx_word' id='word_1_72' title='bbox 145 1616 329 1716; x_wconf 81' lang='lat' dir='ltr'><strong>Adjirerem</strong></span> <span class='ocrx_word' id='word_1_73' title='bbox 348 1635 380 1690; x_wconf 92' lang='lat' dir='ltr'><strong>et</strong></span> <span class='ocrx_word' id='word_1_74' title='bbox 396 1636 529 1691; x_wconf 89' lang='lat' dir='ltr'><strong>nostros</strong></span> <span class='ocrx_word' id='word_1_75' title='bbox 543 1646 550 1689; x_wconf 94' lang='lat'><strong>:</strong></span> <span class='ocrx_word' id='word_1_76' title='bbox 566 1615 623 1689; x_wconf 90' lang='lat' dir='ltr'><strong>sed</strong></span> <span class='ocrx_word' id='word_1_77' title='bbox 639 1643 681 1688; x_wconf 90' lang='lat' dir='ltr'><strong>ne</strong></span> <span class='ocrx_word' id='word_1_78' title='bbox 695 1613 844 1709; x_wconf 81' lang='lat' dir='ltr'><strong>contagia</strong></span> <span class='ocrx_word' id='word_1_79' title='bbox 859 1613 919 1686; x_wconf 85' lang='lat' dir='ltr'><strong>lati</strong></span> 
     </span>
     <span class='ocr_line' id='line_1_13' title="bbox 194 1731 948 1834; baseline -0.007 -26"><span class='ocrx_word' id='word_1_80' title='bbox 194 1735 432 1834; x_wconf 82' lang='lat' dir='ltr'><strong>Corrumpunt,</strong></span> <span class='ocrx_word' id='word_1_81' title='bbox 451 1735 566 1824; x_wconf 89' lang='lat' dir='ltr'><strong>timeo,</strong></span> <span class='ocrx_word' id='word_1_82' title='bbox 584 1761 668 1834; x_wconf 86' lang='lat' dir='ltr'><strong>quos</strong></span> <span class='ocrx_word' id='word_1_83' title='bbox 685 1732 755 1828; x_wconf 82' lang='lat' dir='ltr'><strong>agit</strong></span> <span class='ocrx_word' id='word_1_84' title='bbox 768 1732 856 1831; x_wconf 85' lang='lat' dir='ltr'><strong>ipsa,</strong></span> <span class='ocrx_word' id='word_1_85' title='bbox 875 1731 948 1805; x_wconf 90' lang='lat' dir='ltr'><strong>mei.</strong></span> 
     </span>
    </p>

    <p class='ocr_par' dir='ltr' id='par_1_8' title="bbox 145 1839 1080 2060">
     <span class='ocr_line' id='line_1_14' title="bbox 145 1839 1080 1951; baseline -0.002 -29"><span class='ocrx_word' id='word_1_86' title='bbox 145 1849 200 1922; x_wconf 69' lang='lat' dir='ltr'><strong>Ml</strong></span> <span class='ocrx_word' id='word_1_87' title='bbox 216 1849 343 1923; x_wconf 90' lang='lat' dir='ltr'><strong>homini</strong></span> <span class='ocrx_word' id='word_1_88' title='bbox 361 1868 485 1924; x_wconf 90' lang='lat' dir='ltr'><strong>certum</strong></span> <span class='ocrx_word' id='word_1_89' title='bbox 502 1868 570 1939; x_wconf 90' lang='lat' dir='ltr'><strong>est;</strong></span> <span class='ocrx_word' id='word_1_90' title='bbox 587 1849 656 1922; x_wconf 89' lang='lat' dir='ltr'><strong>fieri</strong></span> <span class='ocrx_word' id='word_1_91' title='bbox 674 1849 749 1951; x_wconf 89' lang='lat' dir='ltr'><strong>quis</strong></span> <span class='ocrx_word' id='word_1_92' title='bbox 766 1877 864 1950; x_wconf 89' lang='lat' dir='ltr'><strong>posse</strong></span> <span class='ocrx_word' id='word_1_93' title='bbox 882 1863 1032 1949; x_wconf 88' lang='lat' dir='ltr'><strong>putaret,</strong></span> <span class='ocrx_word' id='word_1_94' title='bbox 1078 1839 1080 1842; x_wconf 7' lang='grc' dir='ltr'><em>Α</em></span> 
     </span>
     <span class='ocr_line' id='line_1_15' title="bbox 193 1963 980 2060; baseline 0 -24"><span class='ocrx_word' id='word_1_95' title='bbox 193 1967 241 2037; x_wconf 83' lang='grc'><strong>113</strong></span> <span class='ocrx_word' id='word_1_96' title='bbox 255 1964 391 2040; x_wconf 88' lang='lat' dir='ltr'><strong>facerem</strong></span> <span class='ocrx_word' id='word_1_97' title='bbox 408 1966 444 2039; x_wconf 93' lang='lat' dir='ltr'><strong>in</strong></span> <span class='ocrx_word' id='word_1_98' title='bbox 461 1966 576 2040; x_wconf 90' lang='lat' dir='ltr'><strong>mediis</strong></span> <span class='ocrx_word' id='word_1_99' title='bbox 591 1965 660 2038; x_wconf 80' lang='lat' dir='ltr'><strong>hac</strong></span> <span class='ocrx_word' id='word_1_100' title='bbox 676 1993 738 2060; x_wconf 83' lang='lat' dir='ltr'><strong>ego</strong></span> <span class='ocrx_word' id='word_1_101' title='bbox 757 1992 846 2038; x_wconf 86' lang='lat' dir='ltr'><strong>sacra</strong></span> <span class='ocrx_word' id='word_1_102' title='bbox 866 1963 980 2036; x_wconf 84' lang='lat' dir='ltr'><strong>Getis?</strong></span> 
     </span>
    </p>

    <p class='ocr_par' dir='ltr' id='par_1_9' title="bbox 144 2080 980 2299">
     <span class='ocr_line' id='line_1_16' title="bbox 144 2080 980 2181; baseline 0.002 -29"><span class='ocrx_word' id='word_1_103' title='bbox 144 2080 305 2181; x_wconf 80' lang='lat' dir='ltr'><strong>Adspice,</strong></span> <span class='ocrx_word' id='word_1_104' title='bbox 324 2100 361 2156; x_wconf 92' lang='lat' dir='ltr'><strong>ut</strong></span> <span class='ocrx_word' id='word_1_105' title='bbox 378 2112 455 2159; x_wconf 87' lang='lat' dir='ltr'><strong>aura</strong></span> <span class='ocrx_word' id='word_1_106' title='bbox 471 2101 579 2159; x_wconf 88' lang='lat' dir='ltr'><strong>tamen</strong></span> <span class='ocrx_word' id='word_1_107' title='bbox 595 2082 705 2156; x_wconf 80' lang='lat' dir='ltr'><strong>fumos</strong></span> <span class='ocrx_word' id='word_1_108' title='bbox 721 2110 738 2155; x_wconf 93' lang='lat' dir='ltr'><strong>e</strong></span> <span class='ocrx_word' id='word_1_109' title='bbox 757 2098 830 2154; x_wconf 82' lang='lat' dir='ltr'><strong>ture</strong></span> <span class='ocrx_word' id='word_1_110' title='bbox 848 2096 980 2154; x_wconf 88' lang='lat' dir='ltr'><strong>coortus</strong></span> 
     </span>
     <span class='ocr_line' id='line_1_17' title="bbox 192 2196 869 2299; baseline -0.004 -27"><span class='ocrx_word' id='word_1_111' title='bbox 192 2200 232 2272; x_wconf 88' lang='lat' dir='ltr'><strong>lu</strong></span> <span class='ocrx_word' id='word_1_112' title='bbox 249 2217 358 2299; x_wconf 87' lang='lat' dir='ltr'><strong>partes</strong></span> <span class='ocrx_word' id='word_1_113' title='bbox 375 2198 491 2289; x_wconf 87' lang='lat' dir='ltr'><strong>Italas,</strong></span> <span class='ocrx_word' id='word_1_114' title='bbox 511 2217 542 2273; x_wconf 87' lang='lat' dir='ltr'><strong>et</strong></span> <span class='ocrx_word' id='word_1_115' title='bbox 559 2197 632 2274; x_wconf 89' lang='lat' dir='ltr'><strong>loca</strong></span> <span class='ocrx_word' id='word_1_116' title='bbox 647 2198 759 2272; x_wconf 83' lang='lat' dir='ltr'><strong>dextra</strong></span> <span class='ocrx_word' id='word_1_117' title='bbox 776 2196 869 2270; x_wconf 83' lang='lat' dir='ltr'><strong>serat.</strong></span> 
     </span>
    </p>
   </div>
   <div class='ocr_carea' id='block_1_3' title="bbox 145 2307 985 2761">
    <p class='ocr_par' dir='ltr' id='par_1_10' title="bbox 145 2307 985 2531">
     <span class='ocr_line' id='line_1_18' title="bbox 145 2307 985 2413; baseline -0.002 -29"><span class='ocrx_word' id='word_1_118' title='bbox 145 2311 268 2386; x_wconf 88' lang='lat' dir='ltr'><strong>Sensus</strong></span> <span class='ocrx_word' id='word_1_119' title='bbox 285 2312 370 2387; x_wconf 88' lang='lat' dir='ltr'><strong>inest</strong></span> <span class='ocrx_word' id='word_1_120' title='bbox 384 2313 487 2410; x_wconf 81' lang='lat' dir='ltr'><strong>igitur</strong></span> <span class='ocrx_word' id='word_1_121' title='bbox 502 2312 649 2401; x_wconf 85' lang='lat' dir='ltr'><strong>nebulis,</strong></span> <span class='ocrx_word' id='word_1_122' title='bbox 665 2340 747 2413; x_wconf 86' lang='lat' dir='ltr'><strong>quas</strong></span> <span class='ocrx_word' id='word_1_123' title='bbox 764 2310 865 2406; x_wconf 79' lang='lat' dir='ltr'><strong>exigit</strong></span> <span class='ocrx_word' id='word_1_124' title='bbox 881 2307 985 2406; x_wconf 82' lang='lat' dir='ltr'><strong>iguis:</strong></span> 
     </span>
     <span class='ocr_line' id='line_1_19' title="bbox 194 2427 899 2531; baseline -0.004 -31"><span class='ocrx_word' id='word_1_125' title='bbox 194 2427 377 2501; x_wconf 82' lang='lat' dir='ltr'><strong>Consilium</strong></span> <span class='ocrx_word' id='word_1_126' title='bbox 394 2429 527 2522; x_wconf 83' lang='lat' dir='ltr'><strong>lugiunt</strong></span> <span class='ocrx_word' id='word_1_127' title='bbox 544 2446 658 2503; x_wconf 83' lang='lat' dir='ltr'><strong>caetera</strong></span> <span class='ocrx_word' id='word_1_128' title='bbox 674 2456 765 2531; x_wconf 85' lang='lat' dir='ltr'><strong>paene</strong></span> <span class='ocrx_word' id='word_1_129' title='bbox 780 2454 899 2499; x_wconf 90' lang='lat' dir='ltr'><strong>meum.</strong></span> 
     </span>
    </p>

    <p class='ocr_par' dir='ltr' id='par_1_11' title="bbox 147 2539 953 2761">
     <span class='ocr_line' id='line_1_20' title="bbox 147 2539 953 2643; baseline -0.001 -29"><span class='ocrx_word' id='word_1_130' title='bbox 147 2541 310 2627; x_wconf 89' lang='lat' dir='ltr'><strong>Consilio,</strong></span> <span class='ocrx_word' id='word_1_131' title='bbox 328 2569 499 2616; x_wconf 89' lang='lat' dir='ltr'><strong>commune</strong></span> <span class='ocrx_word' id='word_1_132' title='bbox 516 2572 643 2617; x_wconf 90' lang='lat' dir='ltr'><strong>sacrum</strong></span> <span class='ocrx_word' id='word_1_133' title='bbox 658 2572 759 2643; x_wconf 90' lang='lat' dir='ltr'><strong>quum</strong></span> <span class='ocrx_word' id='word_1_134' title='bbox 774 2541 831 2614; x_wconf 85' lang='lat' dir='ltr'><strong>liat</strong></span> <span class='ocrx_word' id='word_1_135' title='bbox 846 2539 882 2612; x_wconf 89' lang='lat' dir='ltr'><strong>in</strong></span> <span class='ocrx_word' id='word_1_136' title='bbox 898 2569 953 2613; x_wconf 88' lang='lat' dir='ltr'><strong>ara</strong></span> 
     </span>
     <span class='ocr_line' id='line_1_21' title="bbox 193 2656 878 2761; baseline -0.007 -29"><span class='ocrx_word' id='word_1_137' title='bbox 193 2656 385 2746; x_wconf 81' lang='lat' dir='ltr'><strong>Fratribus,</strong></span> <span class='ocrx_word' id='word_1_138' title='bbox 403 2658 529 2731; x_wconf 87' lang='lat' dir='ltr'><strong>alterna</strong></span> <span class='ocrx_word' id='word_1_139' title='bbox 546 2660 603 2758; x_wconf 91' lang='lat' dir='ltr'><strong>qui</strong></span> <span class='ocrx_word' id='word_1_140' title='bbox 620 2660 744 2761; x_wconf 90' lang='lat' dir='ltr'><strong>periere</strong></span> <span class='ocrx_word' id='word_1_141' title='bbox 762 2684 878 2743; x_wconf 88' lang='lat' dir='ltr'><strong>manu,</strong></span> 
     </span>
    </p>
   </div>
   <div class='ocr_carea' id='block_1_4' title="bbox 144 2823 1204 4154">
    <p class='ocr_par' dir='ltr' id='par_1_12' title="bbox 144 2823 1204 3133">
     <span class='ocr_line' id='line_1_22' title="bbox 180 2823 1203 2892; baseline 0 -16"><span class='ocrx_word' id='word_1_142' title='bbox 180 2828 219 2877; x_wconf 80' lang='lat'><strong>15.</strong></span> <span class='ocrx_word' id='word_1_143' title='bbox 229 2825 330 2892; x_wconf 75' lang='lat' dir='ltr'><strong>siquod</strong></span> <span class='ocrx_word' id='word_1_144' title='bbox 335 2834 361 2878; x_wconf 86' lang='lat' dir='ltr'><strong>ei</strong></span> <span class='ocrx_word' id='word_1_145' title='bbox 370 2826 488 2876; x_wconf 66' lang='lat' dir='ltr'><strong>instabat.</strong></span> <span class='ocrx_word' id='word_1_146' title='bbox 497 2823 653 2892; x_wconf 70' lang='lat' dir='ltr'><strong>Se&#39;ipreepuad</strong></span> <span class='ocrx_word' id='word_1_147' title='bbox 698 2825 833 2880; x_wconf 78' lang='lat' dir='ltr'><strong>adridebat</strong></span> <span class='ocrx_word' id='word_1_148' title='bbox 847 2824 958 2879; x_wconf 80' lang='lat' dir='ltr'><strong>:frustra</strong></span> <span class='ocrx_word' id='word_1_149' title='bbox 972 2845 978 2878; x_wconf 90' lang='lat'>:</span> <span class='ocrx_word' id='word_1_150' title='bbox 991 2828 1100 2879; x_wconf 85' lang='lat' dir='ltr'><strong>Consilio</strong></span> <span class='ocrx_word' id='word_1_151' title='bbox 1112 2864 1118 2883; x_wconf 82' lang='lat'><strong>,</strong></span> <span class='ocrx_word' id='word_1_152' title='bbox 1142 2823 1203 2877; x_wconf 85' lang='grc'>1333</span> 
     </span>
     <span class='ocr_line' id='line_1_23' title="bbox 144 2901 1204 2977; baseline -0.003 -21"><span class='ocrx_word' id='word_1_153' title='bbox 144 2907 258 2957; x_wconf 78' lang='lat' dir='ltr'><strong>tiesiaba!</strong></span> <span class='ocrx_word' id='word_1_154' title='bbox 267 2905 352 2971; x_wconf 84' lang='lat' dir='ltr'><strong>major</strong></span> <span class='ocrx_word' id='word_1_155' title='bbox 362 2902 518 2973; x_wconf 82' lang='lat' dir='ltr'><strong>scriptorum</strong></span> <span class='ocrx_word' id='word_1_156' title='bbox 525 2921 593 2972; x_wconf 80' lang='lat' dir='ltr'><strong>pars.</strong></span> <span class='ocrx_word' id='word_1_157' title='bbox 603 2901 650 2956; x_wconf 75' lang='lat' dir='ltr'><strong>lae·</strong></span> <span class='ocrx_word' id='word_1_158' title='bbox 698 2926 792 2976; x_wconf 65' lang='lat' dir='ltr'><strong>opem</strong></span> <span class='ocrx_word' id='word_1_159' title='bbox 806 2905 879 2977; x_wconf 72' lang='lat' dir='ltr'><strong>Vlrss·</strong></span> <span class='ocrx_word' id='word_1_160' title='bbox 890 2904 1027 2972; x_wconf 64' lang='lat' dir='ltr'><strong>AEanl,</strong></span> <span class='ocrx_word' id='word_1_161' title='bbox 1038 2905 1123 2959; x_wconf 69' lang='grc'>33613</span> <span class='ocrx_word' id='word_1_162' title='bbox 1133 2901 1204 2959; x_wconf 83' lang='lat' dir='ltr'><strong>Con·</strong></span> 
     </span>
     <span class='ocr_line' id='line_1_24' title="bbox 146 2980 1204 3056; baseline 0 -20"><span class='ocrx_word' id='word_1_163' title='bbox 146 3004 186 3052; x_wconf 78' lang='lat' dir='ltr'><strong>ge,</strong></span> <span class='ocrx_word' id='word_1_164' title='bbox 196 2985 472 3053; x_wconf 72' lang='lat' dir='ltr'><strong>siqucquodenstaiat:</strong></span> <span class='ocrx_word' id='word_1_165' title='bbox 481 2984 600 3052; x_wconf 70' lang='lat' dir='ltr'><strong>quolpru</strong></span> <span class='ocrx_word' id='word_1_166' title='bbox 608 2980 651 3035; x_wconf 81' lang='lat' dir='ltr'><strong>eli·</strong></span> <span class='ocrx_word' id='word_1_167' title='bbox 698 2982 755 3038; x_wconf 85' lang='lat' dir='ltr'><strong>silio</strong></span> <span class='ocrx_word' id='word_1_168' title='bbox 764 2982 834 3040; x_wconf 90' lang='lat' dir='ltr'><strong>banc</strong></span> <span class='ocrx_word' id='word_1_169' title='bbox 844 3002 934 3039; x_wconf 87' lang='lat' dir='ltr'><strong>omnes</strong></span> <span class='ocrx_word' id='word_1_170' title='bbox 944 2985 1087 3056; x_wconf 77' lang='lat' dir='ltr'><strong>animisque</strong></span> <span class='ocrx_word' id='word_1_171' title='bbox 1094 2980 1204 3036; x_wconf 80' lang='lat' dir='ltr'><strong>volenti·</strong></span> 
     </span>
     <span class='ocr_line' id='line_1_25' title="bbox 149 3057 1204 3133; baseline -0.004 -17"><span class='ocrx_word' id='word_1_172' title='bbox 149 3063 219 3132; x_wconf 91' lang='lat' dir='ltr'><strong>quod</strong></span> <span class='ocrx_word' id='word_1_173' title='bbox 230 3082 302 3117; x_wconf 83' lang='lat' dir='ltr'><strong>:mox</strong></span> <span class='ocrx_word' id='word_1_174' title='bbox 310 3070 402 3133; x_wconf 80' lang='lat' dir='ltr'><strong>puppis</strong></span> <span class='ocrx_word' id='word_1_175' title='bbox 408 3073 452 3119; x_wconf 80' lang='lat' dir='ltr'><strong>eui</strong></span> <span class='ocrx_word' id='word_1_176' title='bbox 461 3063 515 3118; x_wconf 85' lang='lat' dir='ltr'><strong>duo</strong></span> <span class='ocrx_word' id='word_1_177' title='bbox 526 3073 633 3118; x_wconf 85' lang='lat' dir='ltr'><strong>veteres.</strong></span> <span class='ocrx_word' id='word_1_178' title='bbox 698 3063 747 3117; x_wconf 82' lang='lat' dir='ltr'><strong>bue</strong></span> <span class='ocrx_word' id='word_1_179' title='bbox 752 3064 845 3118; x_wconf 84' lang='lat' dir='ltr'><strong>urbem</strong></span> <span class='ocrx_word' id='word_1_180' title='bbox 852 3062 1034 3125; x_wconf 65' lang='lat' dir='ltr'><strong>autuman»</strong></span> <span class='ocrx_word' id='word_1_181' title='bbox 1040 3059 1140 3128; x_wconf 81' lang='lat' dir='ltr'><strong>Livius,</strong></span> <span class='ocrx_word' id='word_1_182' title='bbox 1145 3057 1204 3114; x_wconf 90' lang='lat' dir='ltr'><strong>belli</strong></span> 
     </span>
    </p>

    <p class='ocr_par' dir='ltr' id='par_1_13' title="bbox 145 3141 1204 3444">
     <span class='ocr_line' id='line_1_26' title="bbox 177 3141 1204 3212; baseline -0.003 -17"><span class='ocrx_word' id='word_1_183' title='bbox 177 3145 217 3208; x_wconf 69' lang='lat'><strong>²4·</strong></span> <span class='ocrx_word' id='word_1_184' title='bbox 243 3145 425 3212; x_wconf 75' lang='lat' dir='ltr'><strong>consumatque</strong></span> <span class='ocrx_word' id='word_1_185' title='bbox 442 3162 530 3196; x_wconf 82' lang='lat' dir='ltr'><strong>annos.</strong></span> <span class='ocrx_word' id='word_1_186' title='bbox 553 3143 650 3195; x_wconf 85' lang='lat' dir='ltr'><strong>Consu·</strong></span> <span class='ocrx_word' id='word_1_187' title='bbox 699 3141 802 3195; x_wconf 85' lang='lat' dir='ltr'><strong>Maced.</strong></span> <span class='ocrx_word' id='word_1_188' title='bbox 813 3143 829 3195; x_wconf 93' lang='lat' dir='ltr'><strong>l.</strong></span> <span class='ocrx_word' id='word_1_189' title='bbox 844 3142 884 3197; x_wconf 91' lang='lat' dir='ltr'><strong>IV</strong></span> <span class='ocrx_word' id='word_1_190' title='bbox 896 3160 902 3194; x_wconf 91' lang='lat'>:</span> <span class='ocrx_word' id='word_1_191' title='bbox 914 3165 927 3186; x_wconf 74' lang='lat' dir='ltr'><strong>u</strong></span> <span class='ocrx_word' id='word_1_192' title='bbox 940 3143 1050 3196; x_wconf 85' lang='lat' dir='ltr'><strong>Secutus</strong></span> <span class='ocrx_word' id='word_1_193' title='bbox 1061 3153 1204 3195; x_wconf 81' lang='grc'>3333333333</span> 
     </span>
     <span class='ocr_line' id='line_1_27' title="bbox 145 3219 1204 3289; baseline -0.002 -17"><span class='ocrx_word' id='word_1_194' title='bbox 145 3232 240 3288; x_wconf 80' lang='lat' dir='ltr'><strong>meique</strong></span> <span class='ocrx_word' id='word_1_195' title='bbox 258 3221 331 3275; x_wconf 87' lang='lat' dir='ltr'><strong>Petri</strong></span> <span class='ocrx_word' id='word_1_196' title='bbox 352 3220 436 3275; x_wconf 84' lang='lat' dir='ltr'><strong>Servii</strong></span> <span class='ocrx_word' id='word_1_197' title='bbox 455 3220 543 3275; x_wconf 85' lang='lat' dir='ltr'><strong>codex.</strong></span> <span class='ocrx_word' id='word_1_198' title='bbox 562 3219 650 3289; x_wconf 79' lang='lat' dir='ltr'><strong>Lege,</strong></span> <span class='ocrx_word' id='word_1_199' title='bbox 699 3231 791 3289; x_wconf 84' lang='lat' dir='ltr'><strong>sponte</strong></span> <span class='ocrx_word' id='word_1_200' title='bbox 806 3229 858 3284; x_wconf 81' lang='lat' dir='ltr'><strong>est,</strong></span> <span class='ocrx_word' id='word_1_201' title='bbox 869 3220 940 3272; x_wconf 82' lang='lat' dir='ltr'><strong>velut</strong></span> <span class='ocrx_word' id='word_1_202' title='bbox 950 3219 1057 3274; x_wconf 82' lang='lat' dir='ltr'><strong>consilio</strong></span> <span class='ocrx_word' id='word_1_203' title='bbox 1065 3219 1204 3288; x_wconf 84' lang='lat' dir='ltr'><strong>petituses·</strong></span> 
     </span>
     <span class='ocr_line' id='line_1_28' title="bbox 151 3292 1203 3369; baseline -0.007 -19"><span class='ocrx_word' id='word_1_204' title='bbox 151 3301 362 3368; x_wconf 78' lang='lat' dir='ltr'><strong>Consummeique.</strong></span> <span class='ocrx_word' id='word_1_205' title='bbox 387 3318 537 3369; x_wconf 86' lang='lat' dir='ltr'><strong>quanquam</strong></span> <span class='ocrx_word' id='word_1_206' title='bbox 549 3309 577 3351; x_wconf 88' lang='lat' dir='ltr'><strong>et</strong></span> <span class='ocrx_word' id='word_1_207' title='bbox 588 3296 653 3349; x_wconf 82' lang='lat' dir='ltr'><strong>vul-</strong></span> <span class='ocrx_word' id='word_1_208' title='bbox 699 3309 757 3364; x_wconf 84' lang='lat' dir='ltr'><strong>eet,</strong></span> <span class='ocrx_word' id='word_1_209' title='bbox 775 3308 804 3350; x_wconf 88' lang='grc'><strong>33</strong></span> <span class='ocrx_word' id='word_1_210' title='bbox 817 3296 892 3350; x_wconf 78' lang='lat' dir='ltr'><strong>vilior</strong></span> <span class='ocrx_word' id='word_1_211' title='bbox 905 3297 939 3352; x_wconf 87' lang='lat' dir='ltr'><strong>ob</strong></span> <span class='ocrx_word' id='word_1_212' title='bbox 952 3317 982 3351; x_wconf 90' lang='lat' dir='ltr'><strong>ea</strong></span> <span class='ocrx_word' id='word_1_213' title='bbox 995 3295 1049 3366; x_wconf 72' lang='lat' dir='ltr'><strong>regi</strong></span> <span class='ocrx_word' id='word_1_214' title='bbox 1066 3292 1203 3348; x_wconf 81' lang='lat' dir='ltr'><strong>Hannibal</strong></span> 
     </span>
     <span class='ocr_line' id='line_1_29' title="bbox 146 3374 1201 3444; baseline -0.003 -17"><span class='ocrx_word' id='word_1_215' title='bbox 146 3387 204 3442; x_wconf 78' lang='lat' dir='ltr'><strong>gata</strong></span> <span class='ocrx_word' id='word_1_216' title='bbox 215 3375 292 3428; x_wconf 89' lang='lat' dir='ltr'><strong>lectio</strong></span> <span class='ocrx_word' id='word_1_217' title='bbox 304 3378 371 3435; x_wconf 64' lang='grc'>13033</span> <span class='ocrx_word' id='word_1_218' title='bbox 379 3397 405 3429; x_wconf 90' lang='lat' dir='ltr'><strong>se</strong></span> <span class='ocrx_word' id='word_1_219' title='bbox 417 3376 502 3430; x_wconf 81' lang='lat' dir='ltr'><strong>babet.</strong></span> <span class='ocrx_word' id='word_1_220' title='bbox 516 3378 614 3430; x_wconf 77' lang='grc'>11333333.</span> <span class='ocrx_word' id='word_1_221' title='bbox 698 3390 781 3441; x_wconf 84' lang='lat' dir='ltr'><strong>essct;</strong></span> <span class='ocrx_word' id='word_1_222' title='bbox 800 3400 813 3423; x_wconf 71' lang='grc'><strong>3</strong></span> <span class='ocrx_word' id='word_1_223' title='bbox 831 3375 874 3428; x_wconf 92' lang='lat' dir='ltr'><strong>ubi</strong></span> <span class='ocrx_word' id='word_1_224' title='bbox 887 3395 936 3427; x_wconf 83' lang='lat' dir='ltr'><strong>sua</strong></span> <span class='ocrx_word' id='word_1_225' title='bbox 952 3387 1037 3444; x_wconf 76' lang='lat' dir='ltr'><strong>sponte</strong></span> <span class='ocrx_word' id='word_1_226' title='bbox 1051 3384 1078 3427; x_wconf 87' lang='lat' dir='ltr'><strong>et</strong></span> <span class='ocrx_word' id='word_1_227' title='bbox 1095 3374 1201 3424; x_wconf 64' lang='lat' dir='ltr'><strong>consiliu</strong></span> 
     </span>
    </p>

    <p class='ocr_par' dir='ltr' id='par_1_14' title="bbox 147 3447 1202 3676">
     <span class='ocr_line' id='line_1_30' title="bbox 179 3447 1201 3524; baseline -0.007 -19"><span class='ocrx_word' id='word_1_228' title='bbox 179 3458 219 3507; x_wconf 82' lang='lat'><strong>25.</strong></span> <span class='ocrx_word' id='word_1_229' title='bbox 231 3455 283 3505; x_wconf 79' lang='lat' dir='ltr'><strong>Sed</strong></span> <span class='ocrx_word' id='word_1_230' title='bbox 290 3475 322 3507; x_wconf 80' lang='lat' dir='ltr'><strong>ue</strong></span> <span class='ocrx_word' id='word_1_231' title='bbox 331 3460 450 3520; x_wconf 62' lang='lat' dir='ltr'><strong>conique</strong></span> <span class='ocrx_word' id='word_1_232' title='bbox 455 3455 518 3519; x_wconf 73' lang='lat' dir='ltr'><strong>seii.</strong></span> <span class='ocrx_word' id='word_1_233' title='bbox 537 3453 590 3507; x_wconf 85' lang='lat' dir='ltr'><strong>Sed</strong></span> <span class='ocrx_word' id='word_1_234' title='bbox 603 3471 650 3506; x_wconf 79' lang='lat' dir='ltr'><strong>ra·</strong></span> <span class='ocrx_word' id='word_1_235' title='bbox 698 3457 868 3524; x_wconf 86' lang='lat' dir='ltr'><strong>obponuntur</strong></span> <span class='ocrx_word' id='word_1_236' title='bbox 877 3473 884 3506; x_wconf 87' lang='lat'>:</span> <span class='ocrx_word' id='word_1_237' title='bbox 892 3454 928 3506; x_wconf 85' lang='lat' dir='ltr'><strong>sic</strong></span> <span class='ocrx_word' id='word_1_238' title='bbox 938 3455 1050 3507; x_wconf 74' lang='lat' dir='ltr'><strong>consulto</strong></span> <span class='ocrx_word' id='word_1_239' title='bbox 1057 3447 1154 3516; x_wconf 81' lang='lat' dir='ltr'><strong>eliquid</strong></span> <span class='ocrx_word' id='word_1_240' title='bbox 1161 3447 1201 3500; x_wconf 85' lang='grc'><strong>13-</strong></span> 
     </span>
     <span class='ocr_line' id='line_1_31' title="bbox 147 3527 1200 3602; baseline -0.004 -19"><span class='ocrx_word' id='word_1_241' title='bbox 147 3551 208 3585; x_wconf 88' lang='lat' dir='ltr'><strong>reor</strong></span> <span class='ocrx_word' id='word_1_242' title='bbox 218 3550 252 3584; x_wconf 85' lang='lat' dir='ltr'><strong>ne</strong></span> <span class='ocrx_word' id='word_1_243' title='bbox 263 3531 314 3585; x_wconf 84' lang='lat' dir='ltr'><strong>sata</strong></span> <span class='ocrx_word' id='word_1_244' title='bbox 326 3550 386 3584; x_wconf 84' lang='lat' dir='ltr'><strong>mea</strong></span> <span class='ocrx_word' id='word_1_245' title='bbox 396 3531 508 3584; x_wconf 79' lang='lat' dir='ltr'><strong>infelicia</strong></span> <span class='ocrx_word' id='word_1_246' title='bbox 519 3550 651 3587; x_wconf 76' lang='grc'>33333333</span> <span class='ocrx_word' id='word_1_247' title='bbox 699 3534 896 3602; x_wconf 79' lang='lat' dir='ltr'><strong>cere3Pr0pert.</strong></span> <span class='ocrx_word' id='word_1_248' title='bbox 905 3529 922 3582; x_wconf 92' lang='grc'>1.</span> <span class='ocrx_word' id='word_1_249' title='bbox 931 3531 973 3597; x_wconf 89' lang='grc'><strong>11,</strong></span> <span class='ocrx_word' id='word_1_250' title='bbox 987 3527 1025 3582; x_wconf 83' lang='lat' dir='ltr'><strong>El.</strong></span> <span class='ocrx_word' id='word_1_251' title='bbox 1036 3542 1098 3590; x_wconf 76' lang='lat' dir='ltr'><strong>m,</strong></span> <span class='ocrx_word' id='word_1_252' title='bbox 1108 3544 1145 3578; x_wconf 80' lang='lat' dir='ltr'><strong>vs.</strong></span> <span class='ocrx_word' id='word_1_253' title='bbox 1155 3528 1200 3592; x_wconf 67' lang='lat'><strong>54:</strong></span> 
     </span>
     <span class='ocr_line' id='line_1_32' title="bbox 147 3603 1202 3676; baseline -0.002 -17"><span class='ocrx_word' id='word_1_254' title='bbox 147 3607 390 3662; x_wconf 80' lang='lat' dir='ltr'><strong>uxorisselicitatem</strong></span> <span class='ocrx_word' id='word_1_255' title='bbox 400 3620 577 3676; x_wconf 83' lang='lat' dir='ltr'><strong>corrumpent.</strong></span> <span class='ocrx_word' id='word_1_256' title='bbox 622 3638 626 3645; x_wconf 95' lang='lat'>·</span> <span class='ocrx_word' id='word_1_257' title='bbox 699 3603 1202 3666; x_wconf 78' lang='lat' dir='ltr'><strong>«Neceicunsultolulminamissato-</strong></span> 
     </span>
    </p>

    <p class='ocr_par' dir='ltr' id='par_1_15' title="bbox 145 3683 1203 4154">
     <span class='ocr_line' id='line_1_33' title="bbox 179 3683 1203 3753; baseline 0 -15"><span class='ocrx_word' id='word_1_258' title='bbox 179 3686 218 3738; x_wconf 76' lang='lat'><strong>32.</strong></span> <span class='ocrx_word' id='word_1_259' title='bbox 233 3690 369 3741; x_wconf 72' lang='lat' dir='ltr'><strong>Consilium</strong></span> <span class='ocrx_word' id='word_1_260' title='bbox 370 3684 478 3752; x_wconf 61' lang='lat' dir='ltr'><strong>suriunt</strong></span> <span class='ocrx_word' id='word_1_261' title='bbox 485 3696 574 3739; x_wconf 73' lang='lat' dir='ltr'><strong>cetera</strong></span> <span class='ocrx_word' id='word_1_262' title='bbox 580 3705 651 3753; x_wconf 78' lang='lat' dir='ltr'><strong>pm</strong></span> <span class='ocrx_word' id='word_1_263' title='bbox 698 3704 772 3745; x_wconf 84' lang='lat' dir='ltr'><strong>nent.</strong></span> <span class='ocrx_word' id='word_1_264' title='bbox 783 3715 796 3738; x_wconf 87' lang='lat'>»</span> <span class='ocrx_word' id='word_1_265' title='bbox 810 3688 993 3744; x_wconf 79' lang='lat' dir='ltr'><strong>Existimabam</strong></span> <span class='ocrx_word' id='word_1_266' title='bbox 1007 3683 1165 3753; x_wconf 84' lang='lat' dir='ltr'><strong>aliquando,</strong></span> <span class='ocrx_word' id='word_1_267' title='bbox 1179 3689 1203 3741; x_wconf 76' lang='lat' dir='ltr'><strong>ei</strong></span> 
     </span>
     <span class='ocr_line' id='line_1_34' title="bbox 147 3760 1201 3839; baseline 0.003 -22"><span class='ocrx_word' id='word_1_268' title='bbox 147 3783 233 3817; x_wconf 80' lang='grc'>333333.</span> <span class='ocrx_word' id='word_1_269' title='bbox 243 3762 313 3818; x_wconf 86' lang='lat' dir='ltr'><strong>Octo</strong></span> <span class='ocrx_word' id='word_1_270' title='bbox 321 3773 422 3816; x_wconf 84' lang='lat' dir='ltr'><strong>veteres</strong></span> <span class='ocrx_word' id='word_1_271' title='bbox 428 3772 503 3816; x_wconf 79' lang='lat' dir='ltr'><strong>inune.</strong></span> <span class='ocrx_word' id='word_1_272' title='bbox 512 3760 582 3818; x_wconf 87' lang='lat' dir='ltr'><strong>Puto</strong></span> <span class='ocrx_word' id='word_1_273' title='bbox 589 3783 651 3817; x_wconf 83' lang='lat' dir='ltr'><strong>con·</strong></span> <span class='ocrx_word' id='word_1_274' title='bbox 697 3775 812 3824; x_wconf 60' lang='lat' dir='ltr'><strong>comem</strong></span> <span class='ocrx_word' id='word_1_275' title='bbox 824 3767 951 3839; x_wconf 72' lang='lat' dir='ltr'><strong>irrepsisse</strong></span> <span class='ocrx_word' id='word_1_276' title='bbox 967 3766 1018 3820; x_wconf 81' lang='lat' dir='ltr'><strong>buc</strong></span> <span class='ocrx_word' id='word_1_277' title='bbox 1029 3785 1060 3819; x_wconf 81' lang='lat' dir='ltr'><strong>ex</strong></span> <span class='ocrx_word' id='word_1_278' title='bbox 1074 3765 1201 3836; x_wconf 84' lang='lat' dir='ltr'><strong>superiori</strong></span> 
     </span>
     <span class='ocr_line' id='line_1_35' title="bbox 145 3839 1202 3915; baseline 0 -20"><span class='ocrx_word' id='word_1_279' title='bbox 145 3845 231 3898; x_wconf 67' lang='lat' dir='ltr'><strong>silium</strong></span> <span class='ocrx_word' id='word_1_280' title='bbox 252 3861 332 3894; x_wconf 76' lang='lat' dir='ltr'><strong>saum.</strong></span> <span class='ocrx_word' id='word_1_281' title='bbox 354 3839 390 3893; x_wconf 85' lang='lat' dir='ltr'><strong>Et</strong></span> <span class='ocrx_word' id='word_1_282' title='bbox 411 3840 531 3909; x_wconf 84' lang='lat' dir='ltr'><strong>sequenti</strong></span> <span class='ocrx_word' id='word_1_283' title='bbox 551 3860 648 3908; x_wconf 77' lang='lat' dir='ltr'><strong>versu,</strong></span> <span class='ocrx_word' id='word_1_284' title='bbox 698 3869 786 3913; x_wconf 73' lang='lat' dir='ltr'><strong>versu,</strong></span> <span class='ocrx_word' id='word_1_285' title='bbox 803 3859 831 3902; x_wconf 83' lang='grc'><strong>33</strong></span> <span class='ocrx_word' id='word_1_286' title='bbox 844 3844 1012 3901; x_wconf 77' lang='lat' dir='ltr'><strong>scribendum</strong></span> <span class='ocrx_word' id='word_1_287' title='bbox 1029 3864 1085 3899; x_wconf 82' lang='lat' dir='ltr'><strong>esee</strong></span> <span class='ocrx_word' id='word_1_288' title='bbox 1105 3846 1202 3915; x_wconf 51' lang='grc' dir='ltr'><strong>θηρία</strong></span> 
     </span>
     <span class='ocr_line' id='line_1_36' title="bbox 149 3918 1201 3988; baseline -0.005 -13"><span class='ocrx_word' id='word_1_289' title='bbox 149 3918 559 3984; x_wconf 72' lang='lat' dir='ltr'><strong>«Consiliu,communesacnrm</strong></span> <span class='ocrx_word' id='word_1_290' title='bbox 567 3937 650 3987; x_wconf 83' lang='lat' dir='ltr'><strong>quum</strong></span> <span class='ocrx_word' id='word_1_291' title='bbox 697 3947 758 3988; x_wconf 74' lang='lat' dir='ltr'><strong>am,</strong></span> <span class='ocrx_word' id='word_1_292' title='bbox 776 3926 828 3980; x_wconf 78' lang='lat' dir='ltr'><strong>hoe</strong></span> <span class='ocrx_word' id='word_1_293' title='bbox 850 3933 904 3988; x_wconf 84' lang='lat' dir='ltr'><strong>eet,</strong></span> <span class='ocrx_word' id='word_1_294' title='bbox 926 3922 1064 3978; x_wconf 80' lang='lat' dir='ltr'><strong>Thebana.</strong></span> <span class='ocrx_word' id='word_1_295' title='bbox 1083 3925 1201 3978; x_wconf 75' lang='lat' dir='ltr'><strong>Consiliis</strong></span> 
     </span>
     <span class='ocr_line' id='line_1_37' title="bbox 147 3995 1183 4070; baseline -0.014 -11"><span class='ocrx_word' id='word_1_296' title='bbox 147 4004 225 4059; x_wconf 80' lang='lat' dir='ltr'><strong>fiatiu</strong></span> <span class='ocrx_word' id='word_1_297' title='bbox 234 4021 304 4067; x_wconf 59' lang='lat' dir='ltr'><strong>aran»</strong></span> <span class='ocrx_word' id='word_1_298' title='bbox 314 4003 450 4055; x_wconf 72' lang='lat' dir='ltr'><strong>Consilium</strong></span> <span class='ocrx_word' id='word_1_299' title='bbox 457 3998 648 4070; x_wconf 84' lang='lat' dir='ltr'><strong>Rotteudnrpb.</strong></span> <span class='ocrx_word' id='word_1_300' title='bbox 697 4020 765 4055; x_wconf 83' lang='lat' dir='ltr'><strong>uuus</strong></span> <span class='ocrx_word' id='word_1_301' title='bbox 775 4001 872 4056; x_wconf 84' lang='lat' dir='ltr'><strong>Medic.</strong></span> <span class='ocrx_word' id='word_1_302' title='bbox 883 3999 952 4054; x_wconf 78' lang='lat' dir='ltr'><strong>ioue</strong></span> <span class='ocrx_word' id='word_1_303' title='bbox 964 4020 1012 4070; x_wconf 89' lang='lat' dir='ltr'><strong>pru</strong></span> <span class='ocrx_word' id='word_1_304' title='bbox 1024 4002 1135 4054; x_wconf 73' lang='lat' dir='ltr'><strong>Caesetii.</strong></span> <span class='ocrx_word' id='word_1_305' title='bbox 1148 3995 1183 4046; x_wconf 88' lang='grc'><strong>11.</strong></span> 
     </span>
     <span class='ocr_line' id='line_1_38' title="bbox 148 4071 1200 4154; baseline -0.01 -19"><span class='ocrx_word' id='word_1_306' title='bbox 148 4095 173 4136; x_wconf 85' lang='lat' dir='ltr'><strong>et</strong></span> <span class='ocrx_word' id='word_1_307' title='bbox 188 4083 277 4154; x_wconf 67' lang='lat' dir='ltr'><strong>prisce</strong></span> <span class='ocrx_word' id='word_1_308' title='bbox 292 4081 437 4146; x_wconf 85' lang='lat' dir='ltr'><strong>editiones;</strong></span> <span class='ocrx_word' id='word_1_309' title='bbox 451 4079 521 4150; x_wconf 83' lang='lat' dir='ltr'><strong>quod</strong></span> <span class='ocrx_word' id='word_1_310' title='bbox 539 4077 648 4134; x_wconf 80' lang='lat' dir='ltr'><strong>Cioleno</strong></span> <span class='ocrx_word' id='word_1_311' title='bbox 729 4080 767 4144; x_wconf 64' lang='lat'><strong>34</strong></span> <span class='ocrx_word' id='word_1_312' title='bbox 780 4083 915 4136; x_wconf 58' lang='lat' dir='ltr'><strong>Fremibu.</strong></span> <span class='ocrx_word' id='word_1_313' title='bbox 924 4078 1024 4137; x_wconf 75' lang='lat' dir='ltr'><strong>Eteoeli</strong></span> <span class='ocrx_word' id='word_1_314' title='bbox 1035 4090 1061 4134; x_wconf 71' lang='lat' dir='ltr'><strong>ee</strong></span> <span class='ocrx_word' id='word_1_315' title='bbox 1068 4071 1200 4143; x_wconf 81' lang='lat' dir='ltr'><strong>Polynici:</strong></span> 
     </span>
    </p>
   </div>
   <div class='ocr_carea' id='block_1_5' title="bbox 0 0 1371 4702">
    <p class='ocr_par' dir='ltr' id='par_1_16' title="bbox 0 0 1371 4702">
     <span class='ocr_line' id='line_1_39' title="bbox 0 0 1371 4702; baseline 0 0"><span class='ocrx_word' id='word_1_316' title='bbox 0 0 1371 4702; x_wconf 95' lang='lat' dir='ltr'><strong> </strong></span> 
     </span>
    </p>
   </div>
  </div>
 </body>
</html>
