2722 4702
158 320 222 392 270

678 130 764 211 gas!

427 295 467 360 r.
498 236 932 360 ov1n11sn'nsours

205 433 374 510 Auxilium
390 431 514 506 nostris
531 458 689 530 spemque
705 426 808 503 tulere
826 426 932 504 malis.

159 557 271 652 thue
290 547 497 623 Machaoniis
515 546 679 621 Peentius
695 546 822 621 artibus
838 546 939 621 heros

205 666 324 740 Lenito
339 664 498 738 medicam
516 661 651 737 vulnere
668 662 770 735 sensit
785 688 903 761 opem:

159 783 214 857 Sic
231 809 293 876 ego
310 798 418 854 mente
433 780 559 878 jacens,
575 796 609 852 et
624 775 743 852 acerbo
760 778 890 852 saucius
906 777 992 863 ictu,

208 895 391 971 Admonitu
408 895 493 996 coepi
510 894 630 968 fortior
646 921 715 967 esse
736 911 813 981 tuo;

160 1017 206 1086 Et
221 1013 286 1111 jam
305 1010 478 1096 deficiens,
497 1010 544 1083 sic
559 1009 601 1089 ad
620 1027 676 1083 tua
691 1010 790 1083 verba
805 1009 921 1097 revixi,

208 1132 257 1201 Ut
274 1125 359 1201 solet
376 1124 487 1200 inluso
505 1152 584 1198 vena
599 1123 704 1197 redire
717 1153 819 1198 mero.

159 1251 237 1322 Non
254 1266 360 1322 tamen
376 1241 528 1319 exhibuit
545 1258 652 1315 tantas
667 1240 820 1315 facundia
837 1240 943 1327 vires,

211 1367 260 1437 Ut
276 1391 347 1437 mea
364 1361 431 1434 sint
447 1358 545 1433 dictis
560 1375 695 1459 pectora
713 1385 791 1432 sana
808 1354 886 1429 tuis.

165 1487 214 1557 Ut
228 1481 369 1555 multum
386 1495 507 1552 nostra
525 1477 634 1550 derum
653 1475 691 1549 de
710 1475 840 1571 gurgite
857 1500 962 1560 curae,

213 1599 291 1671 Non
307 1593 612 1682 minusexhausto,
631 1589 723 1691 quod
742 1588 929 1689 superabit,
943 1588 1014 1662 erit.

164 1714 327 1808 Tempore
343 1706 481 1779 ducetur
496 1703 599 1800 longo
614 1704 752 1779 fortasse
769 1703 923 1776 cicatrix:

215 1826 363 1897 Horrent
377 1820 527 1893 admotas
544 1818 678 1894 vulnera
695 1820 795 1894 cruda
812 1848 939 1894 manus.

162 1941 243 2033 lion
260 1953 310 2009 est
326 1935 361 2007 in
378 1933 504 2007 medico
519 1961 666 2037 semper,
682 1932 842 2008 relevetur
857 1951 897 2007 ut
912 1961 995 2029 aeger
1011 1962 1019 2004 :

215 2049 385 2127 Interdum
403 2049 500 2123 docta
514 2047 591 2150 plus
609 2048 695 2123 valet
711 2068 779 2124 arte
794 2047 927 2122 malurn.

169 2166 304 2260 Cernis,
321 2187 391 2242 ute
407 2168 502 2240 molli
518 2168 652 2263 sanguis
664 2165 822 2268 pulmone
836 2166 989 2240 remissus

218 2286 273 2361 Ad
289 2284 419 2388 Stygias
436 2303 525 2358 certo
542 2282 645 2386 limite
662 2283 758 2357 ducat
774 2310 886 2385 aquas.
1202 2317 1235 2351 αι»

169 2404 305 2476 Adferat
319 2403 392 2500 ipse
407 2398 485 2509 lieet
498 2426 604 2472 sacras
622 2397 823 2499 Epidaurius
839 2397 977 2483 herbas,

203 2573 226 2620 5.
243 2563 493 2632 [sequestracione
499 2558 629 2615 Pamin
639 2581 679 2614 a»

727 2565 882 2633 peseaeilesta
894 2560 1010 2617 Lnuin
1016 2563 1192 2633 putenderss.
1204 2586 1218 2611 »

172 2645 325 2700 ttbuslreros.
334 2640 492 2692 Machaom'oe
499 2638 680 2711 attespmprb
763 2658 800 2694 η,
811 2636 870 2691 ,5131
875 2655 950 2692 ,m
960 2634 1022 2693 sin,
1032 2639 1088 2693 ine
1099 2641 1200 2697 dolon.

172 2723 291 2776 hocloco
303 2715 457 2786 accipienda·
467 2715 570 2784 proiis,
585 2712 679 2785 qubus

173 2798 321 2861 Machaon,
337 2792 477 2862 AEsculapii
490 2791 556 2846 filius
567 2831 574 2858 ,
587 2790 679 2846 Philo-

172 2889 269 2935 ctetem
279 2873 385 2930 curavit
394 2874 520 2943 Sequitur
529 2873 601 2926 enirn
610 2872 680 2927 Ovi-

173 2958 340 3015 dioscorum
358 2953 527 3023 opinionem,
547 2953 591 3022 qui
609 2952 680 3006 Phi-

174 3036 296 3091 loctetem
320 3032 410 3106 hydree
432 3049 522 3084 morsu
540 3031 678 3098 saucium,

174 3110 388 3184 eoqueaGmcis
396 3111 423 3164 in
432 3110 535 3164 Lemno
543 3110 679 3176 relictum,

176 3204 280 3262 postea,
294 3190 396 3245 monitu
407 3188 503 3244 oraculi
514 3198 679 3254 revocatum,

176 3271 243 3324 etad
252 3271 362 3337 Troiam
371 3286 504 3323 reversum
514 3306 522 3333 ,
535 3265 681 3319 attachus

179 3366 212 3400 ne
225 3358 344 3400 curatum
357 3345 455 3401 dicunt.

211 3444 249 3475 ro.
257 3425 293 3474 Ut
297 3427 362 3474 solet
366 3422 451 3488 susino
457 3441 522 3473 vena
525 3421 604 3471 reduit
608 3437 681 3471 asem.

178 3502 280 3570 Adsero
288 3500 467 3560 Twisdenius;
481 3497 550 3567 quod
564 3509 680 3567 praestat:

178 3581 206 3633 in
220 3578 344 3647 Epicedio
356 3576 449 3642 Drusi,
463 3596 499 3630 vs.
511 3579 558 3640 lua
571 3596 577 3629 :
590 3598 605 3623 κ
614 3577 681 3631 Ari-

179 3650 262 3725 dstiue
275 3654 364 3708 adsum
377 3664 481 3723 guttura
493 3653 568 3708 tinxit
576 3673 656 3722 aqua,
667 3677 681 3702 ›-

180 3735 298 3792 alludunt
309 3733 360 3787 huc
371 3746 398 3787 et
409 3733 462 3786 duo
472 3731 513 3787 alii
524 3732 641 3800 codices,
653 3735 681 3788 iu

179 3817 272 3888 quibus
283 3814 366 3883 effuso
377 3833 443 3866 mero
455 3834 522 3883 :pro
533 3832 599 3866 vena
611 3833 684 3869 uou-

180 3896 367 3962 nullifiamma.
379 3891 487 3946 vetvsta.
500 3893 578 3945 Forte
591 3896 678 3954 Veste,

181 3992 229 4042 pro
241 3971 311 4042 igni,
324 3967 418 4032 Silius,
433 3968 500 4021 libro
512 3969 570 4033 Vl,
587 3988 623 4022 vs.
638 3968 682 4038 76:

181 4048 333 4106 «Procedit
348 4058 471 4103 renorma
486 4046 551 4102 iocis
570 4058 596 4100 et
613 4068 682 4118 psu-

763 2715 799 2768 13.
813 2715 852 2768 Ut
860 2720 963 2770 multum
969 2720 1233 2788 demasnostnlm·

726 2802 793 2847 ctore
808 2813 879 2847 cure.
892 2797 1001 2864 Argeut.
1017 2808 1044 2849 ct
1060 2799 1174 2868 quinque
1188 2797 1233 2852 ulii

727 2884 816 2925 nostre
825 2877 855 2925 de
868 2878 963 2941 Μία
972 2894 1054 2942 curae5
1065 2876 1199 2946 eleganter
1207 2886 1235 2930 et

726 2970 802 3016 vere,
813 2951 834 3004 si
847 2951 910 3019 quid
919 2951 995 3005 video
1004 2954 1053 3007 :sic
1060 2960 1236 3023 ‘urgesua'tsb-

726 3049 779 3082 nm
793 3027 923 3083 Ciceroni.
937 3030 974 3083 fl.

762 3108 800 3161 15.
813 3111 1011 3162 Vulneracrsds.
1020 3108 1138 3162 Vulnera
1144 3129 1237 3165 receu-

727 3184 770 3238 tis
785 3186 845 3238 Hoc
859 3185 939 3239 dicit:
954 3204 1045 3239 recens
1060 3185 1137 3239 dolor
1150 3189 1237 3243 nullas

728 3262 844 3316 admittit
855 3264 1050 3318 consolationes.

764 3364 802 3415 ¹9·
809 3345 837 3396 E
840 3347 1035 3410 metentem.
1040 3345 1143 3397 Hellen
1150 3344 1233 3412 probe

729 3422 1034 3491 vocotvulperotoeoim
1044 3420 1233 3490 pulmone,lto·

729 3518 774 3574 rnq
786 3499 934 3567 perimitur:
944 3516 1005 3550 nam
1015 3498 1164 3567 spongiosus
1175 3505 1230 3565 est,

728 3577 839 3645 ideoque
857 3575 960 3644 spiritus
975 3594 1060 3645 capax.
1071 3601 1103 3614 -
1113 3575 1234 3643 Sanguis.

730 3657 841 3731 Ssnguis
853 3659 968 3725 ejectus,
988 3654 1057 3708 illato
1070 3653 1189 3710 volnere.
1201 3686 1236 3699 -

732 3728 959 3788 ceromatico
968 3753 1022 3788 non
1031 3734 1151 3805 ambigua
1159 3776 1166 3802 ,
1174 3738 1237 3806 quia

730 3814 849 3868 moritur.
860 3814 898 3867 Ex
907 3813 1153 3884 quodocetcausam
1160 3836 1235 3871 sum

730 3911 784 3945 esse
794 3891 937 3960 perditam,
951 3902 977 3945 et
989 3893 1160 3963 deploratam.

764 3971 1145 4042 21.Eptitasn’ss.AEsculapius,
1155 3969 1232 4040 quiin

731 4047 864 4117 Epidauro
874 4052 977 4109 civitate
989 4051 1128 4107 colebatur.
