2722 4702
162 321 227 386 312
437 318 477 381 P.
510 314 694 383 OVIDII
720 311 951 382 NASONIS

165 460 308 557 Quaque
324 454 415 541 ierit,
434 453 511 526 selix
530 452 692 551 adjectum
706 451 879 554 plausibus
895 482 1011 542 omem
1193 480 1224 533 35

214 573 363 671 Saxaque
379 569 497 643 roratis
514 568 684 642 erubuisse
701 570 796 643 rosis.

166 688 323 762 Protinus
339 705 476 783 argento
493 713 605 760 versos
620 671 782 759 imitantia
796 712 924 773 muros,

214 803 360 875 Barbara
377 831 453 874 cum
468 800 563 874 victis
581 800 705 901 oppida
719 801 785 875 lata
800 800 900 874 viris:

165 920 401 1020 Fluminaque,
419 936 452 992 et
464 936 612 1007 montes,
632 936 664 991 et
682 919 718 992 in
732 918 809 993 altis
825 945 944 1019 pascua
960 914 1068 1007 silvis3

215 1038 382 1135 Armaque
397 1062 471 1108 rum
486 1031 561 1108 telis
576 1033 611 1105 in
628 1051 717 1108 strue
735 1034 832 1107 mista
847 1033 925 1106 suis.
1195 1058 1226 1126 40

166 1150 284 1249 Deque
302 1146 527 1250 triumphato,
548 1148 638 1249 qnod
654 1146 713 1220 Sol
728 1143 926 1236 incenderit,
946 1173 1028 1219 auro

74 1262 77 1270 ’
216 1264 325 1338 Aurea
341 1262 484 1336 Romani
502 1278 586 1335 tecta
598 1261 700 1336 fuisse
717 1261 792 1335 lori.

167 1382 300 1480 Totque
318 1377 431 1454 tulisse
448 1377 546 1453 duces
559 1378 697 1478 captivis
715 1376 826 1451 addita
844 1374 938 1449 collis

167 1563 335 1632 Propertium
354 1558 610 1628 animadversiones,
628 1558 673 1611 ubi
722 1568 767 1611 aut
786 1557 873 1611 editus
895 1552 1098 1610 Bumannisne
1119 1552 1228 1608 lectioni

166 1639 315 1712 parimodo
332 1638 511 1690 Nasonianum
530 1635 615 1689 locum
629 1653 673 1688 ca-
722 1633 842 1687 adsentit.

166 1718 289 1786 stigatum
302 1714 421 1778 ollendl,
436 1712 514 1780 idque
528 1712 577 1765 sub
590 1712 673 1765 finem
753 1713 1109 1784 &Flammam-ortes,
1120 1713 1228 1764 stinul-

165 1793 224 1847 libri
233 1793 310 1846 tertii.
319 1791 513 1843 H.-1²annn·s.
523 1789 671 1859 Augustum
720 1803 762 1844 tas
767 1794 866 1861 proflua
876 1796 964 1846 silvas.
975 1793 1076 1849 leatus
1085 1792 1159 1842 silnr's
1171 1790 1228 1860 ple·

41 1864 66 1921 'a
165 1870 307 1923 vitricum:
324 1887 405 1937 quem
423 1876 524 1936 patrem
542 1865 670 1935 adpellat,
719 1869 794 1938 rique
808 1881 925 1934 reteres3
942 1868 1069 1937 anerpta
1085 1865 1225 1938 scaligeri,

122 1950 126 1963 ’
165 1968 212 2018 per
221 1945 548 2016 adoptionem,etbiriam
558 1955 671 1998 matrem
722 1942 905 2012 Combianus,
926 1957 954 2001 et
972 1956 1025 2007 tres
1043 1944 1103 2010 alii,
1120 1950 1149 1998 in
1166 1948 1227 1998 altis

160 2026 291 2095 designat.
716 2029 910 2094 pascuasilcis.
926 2023 995 2093 quod
1007 2022 1104 2092 placet,
1115 2023 1165 2076 nisi
1174 2041 1226 2075 ma·

197 2106 239 2161 ³5.
249 2107 329 2159 Rost's
342 2110 442 2159 roratis.
454 2104 530 2158 Rosia
544 2123 603 2158 rore
620 2105 672 2159 ad·
721 2105 759 2158 vis
772 2123 778 2157 ι
789 2125 803 2151 κ
815 2101 987 2171 Fluminaque
1002 2100 1031 2154 in
1045 2110 1150 2153 montes
1161 2111 1188 2154 et
1198 2100 1225 2154 in

163 2186 274 2257 spernis,
296 2195 323 2239 et
341 2186 509 2252 recentibus,
527 2197 573 2240 aut
594 2204 672 2239 mane
722 2179 1226 2255 altasprollnasilvan3»nanr.lunianus

167 2264 435 2323 cumroncollectis.
720 2268 748 2317 in
758 2272 861 2317 montes.
871 2260 1065 2316 Arondelianus
1077 2279 1084 2314 :
1097 2280 1111 2305 ι
1125 2258 1228 2312 Flumi-

200 2347 239 2415 37.
254 2334 373 2399 eroth
384 2351 488 2409 arpenno
501 2353 549 2397 eto.
567 2344 673 2396 Portata
721 2358 807 2410 naque
818 2350 846 2394 st
856 2340 944 2393 sontes
955 2347 982 2391 et
997 2336 1054 2391 latis
1070 2333 1174 2406 proflua
1184 2333 1229 2389 sil-

166 2435 239 2488 sunt,
248 2423 334 2488 inquit
341 2456 349 2485 ,
357 2415 471 2475 demone
480 2421 506 2473 in
515 2440 545 2472 ea
553 2423 672 2473 ovatione
722 2419 766 2472 vis.
777 2440 791 2465 »
806 2419 906 2471 Herus.

166 2498 301 2566 triumpho
308 2494 542 2565 simili,oppidsex
549 2507 671 2563 argento,
754 2499 796 2563 do.
813 2498 875 2549 Cum
889 2504 957 2547 strue
964 2495 1060 2563 juncta
1072 2499 1137 2546 sna's.
1147 2494 1227 2545 Misia

166 2581 200 2634 ad
215 2573 414 2630 similitudinem
432 2584 566 2643 captarum
583 2572 673 2626 ciuib-
720 2570 1156 2643 saapleaiqnevereres,ntntqno‹t
1165 2588 1227 2623 non·

166 2669 301 2723 tum‚una
309 2671 370 2706 cum
378 2652 439 2704 viris
447 2650 673 2722 superatisabipso
721 2648 785 2706 nulli
795 2653 1042 2712 rnr'stnsnr'meetn.
1056 2650 1096 2706 ll·
1144 2681 1150 2691 .
1181 2672 1184 2677 ·

166 2736 281 2790 Tiberio.
293 2760 327 2773 ·-
342 2734 418 2786 Vems
437 2735 565 2784 inruentis
583 2750 672 2784 mneos.
754 2730 793 2793 4¹·
805 2729 893 2797 Deque
903 2741 1057 2795 tmpoeorurn,
1069 2727 1229 2801 qnod-lalcis·

171 2820 261 2870 Versus
268 2810 438 2866 Samarianus
450 2819 477 2862 et
487 2807 604 2878 plerique
613 2806 671 2871 alii;
720 2812 855 2870 cendemt,
875 2830 942 2863 auro.
962 2815 1108 2865 Incendere!
1121 2808 1227 2863 Sarrae.

166 2903 244 2946 recte.
257 2886 385 2960 Sequenti
398 2907 474 2941 versu
486 2887 557 2940 idem
570 2887 671 2940 Sarrae.
722 2889 831 2958 Argunt.
842 2889 936 2958 aliique
946 2890 1067 2943 nonnulli
1078 2910 1085 2952 ;
1097 2887 1227 2941 basileen-

166 2982 192 3024 et
202 2982 253 3025 tres
261 2969 302 3023 alii
306 2972 386 3036 pictis
392 2971 466 3029 viris,·
475 2965 601 3034 Excerpta
611 2966 673 3019 Vos·
720 2967 754 3021 sis
765 2981 835 3022 recte
847 2973 984 3023 incendent
999 2990 1007 3021 ι
1023 2980 1149 3039 preterea
1159 2985 1225 3020 untes

164 3050 195 3102 sii
207 3052 306 3101 vinctis.
315 3047 385 3100 Puto
386 3048 468 3115 fictis,
480 3065 512 3098 en
521 3054 629 3113 argento
637 3044 684 3096 vi-.
722 3047 879 3114 Vaticanus,
892 3052 979 3118 Deque
987 3053 1139 3117 traicmpbnto
1149 3068 1222 3106 aneo,

167 3126 268 3180 delicet.
281 3125 354 3177 ll.-
362 3124 424 3178 Non
434 3123 536 3191 placent
548 3121 584 3174 illi
590 3127 671 3189 picti,
721 3126 855 3193 quomodo
865 3127 893 3178 in
903 3128 997 3181 Fastis:
1008 3149 1022 3175 a
1032 3128 1128 3196 Deque
1136 3127 1225 3181 triurn-

166 3203 205 3256 vel
208 3207 273 3271 ficti
279 3207 348 3255 orii:
361 3200 450 3254 nescio
462 3219 495 3253 an
509 3218 563 3252 non
576 3199 674 3267 glossa-
721 3204 799 3273 pharo
809 3205 906 3259 viscera
917 3214 982 3259 tosta
994 3206 1066 3259 bove,
1079 3227 1093 3251 »
1107 3206 1144 3258 Η,

167 3289 209 3331 tor
222 3278 371 3349 adposuerit
381 3297 473 3331 vocem
483 3276 552 3330 illam
563 3317 570 3342 ,
578 3281 667 3343 pactas,
747 3284 787 3347 4²·
801 3285 877 3335 Tecta
882 3284 1051 3350 Ιὼηηψή,
1058 3281 1226 3337 Βοωῃςῇῃῐ-

166 3357 207 3408 alii
220 3358 293 3422 voci,
314 3369 440 3425 tanquam
455 3354 671 3424 explicationem,
720 3357 858 3412 timaesoro
866 3360 1005 3425 Romano,
1019 3361 1059 3412 vel
1070 3379 1161 3412 revera
1176 3371 1226 3410 tra·

164 3435 269 3488 etlorte
282 3435 423 3504 legendum
436 3455 442 3487 :
453 3438 673 3488 Barbaracunntr'·
719 3436 764 3489 bes
778 3448 805 3489 et
819 3447 884 3490 terta
897 3437 971 3501 atrii,
986 3437 1055 3506 quod
1069 3436 1156 3487 Caesar
1167 3433 1224 3485 Ro-

164 3515 226 3562 tulis
234 3517 326 3579 oppida
337 3517 391 3565 lata
399 3518 467 3575 suth·
481 3529 542 3563 uem
554 3512 623 3565 viros
634 3511 673 3564 el·
720 3536 828 3571 manum
840 3517 928 3568 lorum
939 3535 993 3570 esse
1005 3513 1096 3576 voluit,
1108 3520 1180 3564 uteo
1189 3513 1223 3566 ad

166 3587 230 3656 sangi
241 3599 267 3640 et
276 3589 376 3657 imponi
384 3587 488 3641 ferculis
499 3606 553 3639 non
562 3589 672 3642 memini
719 3587 1225 3662 jurasimulconvenirentmtdocetbp

167 3684 211 3717 me
224 3665 308 3732 legere
319 3687 326 3729 ;
339 3664 385 3718 sed
399 3665 488 3718 titulos
499 3665 609 3720 adscribi
622 3686 672 3721 no·
719 3673 819 3740 planus.
830 3672 898 3726 Saue
907 3669 1050 3737 laquearia,
1066 3685 1125 3737 quc
1134 3680 1222 3738 postea

164 3758 222 3800 tum
236 3754 274 3796 est
285 3763 292 3796 ι
304 3744 352 3797 hos
366 3743 447 3812 pictos
458 3743 536 3798 luisse
548 3746 671 3814 glossator
719 3760 745 3802 et
763 3751 790 3803 in
807 3749 912 3819 privatis
927 3746 1048 3800 domibus
1065 3766 1131 3800 auro
1147 3758 1221 3818 tege·

163 3823 278 3877 indicare
286 3821 376 3874 voluit
386 3826 454 3876 Viris
461 3833 548 3876 autem
559 3834 666 3884 armeus,
718 3829 824 3896 bantur,
835 3840 890 3898 post
898 3825 1089 3896 Carthaginem
1100 3845 1221 3881 eversam.

162 3914 234 3964 tuns,
253 3919 329 3961 suns,
342 3900 434 3970 saepius
446 3913 632 3969 permutantur
642 3901 669 3952 in
751 3908 791 3972 43.
814 3910 910 3960 Tulisse
924 3910 1029 3958 vincula
1043 3910 1135 3959 addita
1145 3908 1222 3958 collui.

162 3979 253 4033 Ovidii
265 3976 342 4030 libris.
357 3977 455 4032 Bonas.
466 3979 598 4032 -Nostri
611 3977 671 4032 vul·
718 3983 819 4037 Tuliase
828 3996 943 4050 catenas,
954 3985 1048 4052 quibus
1058 4002 1150 4039 eorum
1158 3979 1219 4033 colla

161 4071 246 4127 gotum
266 4069 392 4122 tuentur-3
410 4077 459 4112 nec
476 4058 543 4112 ullus
559 4059 670 4129 scriptus
717 4061 827 4130 adligata
839 4073 923 4117 erant
936 4063 1015 4116 Mn.
