2722 4702
159 352 218 423 ιφ
431 306 471 395 t.
499 329 677 399 ov1n11
700 327 926 398 ussurus

150 468 306 544 Protinus
321 466 499 542 excolimur
515 468 636 556 teneri,
656 495 797 567 curaque
814 468 982 568 parentis,
1181 487 1217 540 ις

196 587 287 658 lmus
302 583 343 658 ad
360 584 506 678 insignes
521 581 616 655 urbis
632 580 673 655 ab
690 600 758 656 arte
774 583 873 656 viros.

147 700 264 772 Frater
277 697 318 773 ad
334 697 502 797 eloquium
519 697 616 770 viridi
634 697 790 771 tendebat
804 697 847 770 ab
863 726 948 786 avo,

195 815 309 887 Fortia
324 812 455 887 verbosi
472 830 570 886 natus
585 812 628 884 ad
643 840 732 886 arma
749 813 822 885 sori.

146 928 289 1001 Armini
301 929 368 1026 jam
382 955 487 1027 puero
505 926 644 1000 caelestia
658 954 747 1000 sacra
764 925 954 1027 placebant,

195 1049 301 1145 Inque
318 1072 415 1117 suum
433 1044 545 1118 surtim
562 1045 661 1116 Musa
677 1043 829 1117 trahebat
847 1071 942 1143 opus.
1179 1079 1215 1116 so

147 1161 240 1261 Saepe
256 1178 351 1261 pater
367 1160 451 1233 dixit
465 1190 473 1232 ε
487 1160 634 1234 studium
650 1159 731 1260 quid
748 1158 865 1234 inutile
881 1161 1010 1233 tuntas?

196 1276 379 1351 Maeonides
397 1274 505 1348 nullas
519 1275 591 1375 ipse
606 1273 740 1373 reliquit
758 1303 846 1374 opes.

147 1397 267 1470 Motus
283 1421 367 1466 eram
386 1392 500 1479 dictis,
519 1409 657 1491 totoque
673 1391 833 1464 Helicone
850 1388 984 1478 relicto,
1059 1408 1063 1417 “

197 1509 347 1583 Scribere
363 1506 507 1581 conabar
521 1505 620 1579 verba
638 1504 746 1578 soluta
761 1504 888 1578 modis:

148 1624 274 1722 Sponte
292 1649 351 1693 sua
367 1646 494 1692 carmen
511 1646 665 1690 numeros
682 1616 833 1691 veniebat
846 1615 887 1688 ad
902 1634 1015 1717 aptos;
1175 1639 1212 1690 25

197 1738 260 1821 Er,
278 1732 367 1832 quod
387 1732 550 1805 tentabam
564 1732 689 1818 dicere,
708 1759 821 1804 versus
837 1749 915 1804 erat

148 1853 293 1935 Interea,
311 1847 410 1921 tacito
427 1875 527 1947 passu
545 1845 734 1921 labentibus
750 1847 864 1935 annis,

195 1966 349 2040 Liberior
363 1965 456 2039 fiatri
471 1983 577 2039 sumta
594 1964 744 2067 mihique
760 1983 838 2061 toga
853 1982 919 2054 est;

147 2081 367 2183 induiturque
387 2082 531 2156 humeris
550 2079 709 2155 comiato
726 2109 873 2182 purpura
889 2079 1000 2168 ciavo;

195 2202 241 2274 Et
256 2201 403 2274 studium
418 2201 536 2288 nobis,
556 2199 648 2301 quod
664 2199 729 2273 fuit
746 2217 841 2290 ante,
857 2216 973 2273 manet.
1173 2219 1209 2271 30

147 2320 286 2420 Jamque
304 2321 414 2393 decem
431 2319 502 2393 vitae
517 2319 617 2392 frater
632 2318 848 2414 geminaverat
866 2344 987 2404 annos,

197 2435 312 2529 Quum
330 2434 434 2533 perit,
456 2450 491 2505 et
506 2434 591 2532 coepi
607 2450 698 2532 parte
715 2459 822 2505 carere
838 2433 912 2505 mei.

182 2585 220 2640 16.
232 2588 275 2638 At
283 2595 337 2638 arte
346 2591 419 2637 ocios.
430 2584 547 2652 insignes
558 2584 589 2636 ab
598 2596 652 2637 arte
732 2586 771 2636 28.
783 2587 897 2637 liberior
907 2594 974 2652 toga.
987 2586 1087 2654 Togam
1103 2584 1206 2640 virilem

141 2665 243 2733 ‚accipio
252 2682 311 2728 eos,
324 2661 369 2732 qui
380 2660 477 2712 artibus
489 2661 653 2728 quibuscum·
701 2659 827 2728 designat,
836 2679 914 2727 quam
923 2662 1022 2715 nobiles
1031 2661 1205 2716 adolescentes

150 2762 199 2813 que
213 2739 352 2802 docendis,
366 2735 478 2807 insigues
492 2757 521 2790 ac
538 2736 652 2792 celebres
700 2738 769 2807 apud
787 2738 920 2792 Romanos
937 2741 1074 2794 sumebant
1091 2741 1115 2792 in
1133 2740 1204 2794 sesto

148 2833 205 2883 tum
217 2821 300 2874 fuere.
312 2817 416 2872 Mrcrr..
699 2815 786 2869 Liberi
796 2818 889 2886 patris,
905 2818 934 2871 rb
944 2817 1057 2874 Kalend.
1068 2817 1149 2888 April.
1159 2818 1204 2872 de-

182 2903 220 2956 1⁸.
236 2902 322 2952 tortia
341 2901 445 2951 wrbose'.
466 2897 555 2950 Fortia
573 2896 651 2949 verba
699 2896 780 2965 posita
793 2907 921 2965 praetexta.

146 2990 235 3044 vocat,
244 2987 378 3031 oratorum
388 2976 534 3041 orationes,
546 2984 652 3044 propter
731 2974 936 3046 aqlrrduituepuc
943 2979 1058 3031 humens.
1067 2979 1110 3033 Pr.
1117 2977 1205 3035 Vatic.

146 3075 276 3112 summam
285 3054 441 3124 eloquentia
449 3053 504 3106 rim
513 3093 520 3118 ,
529 3072 587 3121 quc
595 3051 652 3105 ani-
699 3053 808 3108 Junian.
820 3065 847 3108 et
858 3055 911 3108 duo
923 3055 964 3108 alii
976 3077 1039 3112 curn
1050 3059 1137 3128 priscis
1146 3059 1206 3113 edi-

146 3155 204 3190 mos
216 3154 269 3206 quo
280 3135 336 3188 vuit
347 3132 467 3199 adducit,
478 3143 504 3186 et
516 3130 586 3185 unde
596 3129 651 3183 vult
699 3131 826 3201 tionibus,
838 3138 949 3188 demtos
959 3153 969 3199 ,·
980 3138 1050 3205 quod
1061 3138 1126 3193 mibi
1136 3139 1205 3193 reii-

148 3210 260 3268 deducie
701 3209 771 3278 gioni
785 3212 835 3264 suit
847 3230 902 3264 non
913 3216 1085 3270 moveretsic
1096 3227 1123 3268 et
1136 3216 1205 3269 Met.

181 3310 218 3362 sq
233 3293 348 3343 celestia
359 3308 441 3342 sacra.
454 3287 550 3341 Poesin
566 3284 650 3338 intel·
699 3286 754 3353 lx,
766 3307 801 3342 vs.
817 3291 877 3352 158,
895 3289 921 3341 in
939 3290 1072 3345 nonnullis
1086 3291 1204 3358 scriptis:

147 3367 209 3437 tigit.
223 3366 340 3418 uten-
347 3369 391 3418 Λιι
401 3369 541 3419 Permessia
551 3362 650 3415 sacra?
699 3384 713 3409 α
722 3364 896 3433 induiturque
904 3363 1029 3420 humeros
1039 3368 1152 3420 Lernaeae
1160 3365 1202 3416 ri-

146 3444 196 3497 taie
211 3440 273 3512 quid
285 3442 355 3494 latet.
369 3443 405 3494 Η.
697 3460 742 3494 rus
748 3442 895 3495 Echidnae.»
903 3442 1200 3507 st-cmlatopurpm

179 3540 219 3573 ao.
229 3521 305 3587 Inque
315 3535 385 3571 suum
390 3515 488 3584 semim
498 3514 570 3583 Quia
577 3526 651 3584 pater
696 3522 776 3571 claro.
787 3519 851 3572 Lato
858 3520 929 3573 clavo
938 3520 1076 3573 utebantur
1086 3525 1111 3568 et
1120 3517 1201 3569 nobi-

147 3597 204 3652 sreri
215 3616 258 3650 me
270 3606 373 3665 poetam
387 3590 510 3646 nolebat:
524 3593 610 3661 itaque
619 3611 650 3647 eo
696 3595 772 3649 liores
783 3609 810 3650 et
819 3607 964 3661 senatores,
976 3596 1019 3663 qui
1032 3595 1062 3647 ab
1073 3611 1106 3645 eo
1117 3595 1201 3646 Lati·-

144 3675 226 3730 inscio
235 3673 383 3726 factitabam
396 3667 540 3722 versiculos.
553 3670 583 3722 P.
696 3674 969 3744 claeiadpeiiabantur.
981 3670 1094 3726 Martini.
1107 3671 1149 3725 lib.
1164 3672 1200 3740 V,

177 3773 218 3804 υ.
230 3753 377 3804 Moeomucs.
389 3748 530 3800 Homerus·
697 3752 786 3823 Epigr.
795 3771 903 3822 xvu,rs.
912 3754 975 3822 3sq:
987 3776 1000 3798 κ
1009 3753 1082 3805 Duru
1092 3764 1117 3806 te
1126 3774 1201 3823 posse

179 3832 218 3885 ab.
236 3833 290 3894 Er,
311 3830 380 3897 quod
393 3829 520 3880 tentabam
535 3831 649 3882 scribere.
696 3849 791 3899 negas,
807 3833 855 3885 nisi
867 3830 931 3898 tato,
944 3830 1045 3899 Gettia,
1058 3832 1131 3886 claro
1143 3833 1201 3885 Nu-

146 3910 252 3968 Rectius
266 3905 371 3976 plurimi
383 3925 414 3959 ex
426 3903 536 3973 antiquis
549 3908 648 3971 ditem
695 3908 773 3974 bere,
785 3911 908 3981 nupsisti,
922 3910 1155 3979 Gellia‚ci;13sem‚
1168 3933 1181 3955 υ

144 4009 207 4046 narn
218 3989 324 4042 scribere
333 3983 468 4053 processit.
481 3983 516 4034 Η.
528 4011 561 4023 -
578 3985 653 4050 Quod
727 3987 767 4039 3¹.
782 3991 888 4056 Jamque
902 3994 986 4043 decern
1004 4002 1051 4046 ete.
1071 3992 1131 4043 Jam
1144 4004 1197 4038 an-

144 4073 256 4127 corabar
265 4065 346 4121 Bern.
359 4063 452 4121 melius
465 4074 592 4120 nostrum.
695 4081 762 4118 num
771 4064 930 4134 vigesimum
937 4071 1117 4137 compleverat
1131 4063 1161 4115 P·
