2722 4702
87 418 91 425 ,
178 335 244 403 ,56
442 331 481 397 1².
519 327 955 399 ov1n111tasoms

175 471 255 545 Vidi
272 497 334 564 ego
351 467 496 563 linigera
514 496 636 542 numen
653 467 792 551 violasse
805 468 963 543 latentem

222 584 338 672 lsidis,
356 585 480 658 lsiacos
496 602 571 658 ante
588 583 698 660 sedere
713 583 829 658 focos:
936 641 939 647 .

175 700 289 788 Alter,
307 700 353 773 ob
371 699 449 773 hnic
466 699 606 773 similem
619 700 767 799 privatus
782 699 906 773 lumine
922 697 1070 801 culpam,

224 819 396 893 Clamabat
414 817 535 903 media,
553 846 587 891 se
605 817 779 904 meruisse,
795 818 856 891 via.

174 933 265 1008 Talia
281 932 423 1007 caelestes
440 932 511 1006 ficri
528 934 691 1032 preconia
706 933 868 1029 gaudent,

222 1050 288 1133 Ut,
306 1076 364 1120 sua
382 1046 463 1147 quid
480 1045 608 1120 valeant
622 1048 777 1132 numina,
796 1062 877 1119 teste
894 1046 1048 1145 probent.

152 1258 155 1263 Ι
174 1164 267 1264 Saepe
282 1161 392 1236 levant
410 1188 541 1260 poenas,
560 1179 736 1262 ereptaque
752 1160 875 1235 lumina
891 1161 1050 1250 reddunt,

138 1276 151 1337 ν’
224 1281 337 1376 Quum
354 1277 439 1350 bene
454 1276 578 1375 peccati
595 1278 789 1375 paenituisse
804 1278 924 1351 vident

174 1395 319 1469 l‘oeuitet
337 1396 376 1464 o!
395 1393 422 1464 si
440 1392 520 1494 quid
536 1393 729 1466 miserorum
747 1394 891 1467 creditur
907 1393 980 1483 ulli,

222 1505 383 1590 Paenitet,
404 1523 437 1577 et
453 1504 541 1578 laeto
558 1523 715 1606 torqueor
732 1506 802 1607 ipse
820 1508 914 1581 meo!
1198 1530 1234 1581 σο

174 1623 354 1720 Quumque
370 1622 415 1692 sit
434 1619 602 1710 exsilium,
619 1624 724 1718 magis
739 1641 790 1698 est
806 1625 888 1698 mibi
907 1623 1002 1726 eulpa
1017 1621 1145 1711 dolori;

221 1740 348 1836 Estque
360 1738 430 1836 pati
448 1765 576 1836 poenas,
595 1767 692 1839 quam
707 1741 880 1830 meruisse,
897 1745 1015 1816 minus.

172 1859 220 1929 Ut
236 1854 317 1927 mibi
336 1856 380 1927 Di
395 1852 541 1941 faveant,
561 1855 683 1956 quibus
701 1873 756 1932 est·
770 1858 975 1934 manifestior
991 1857 1080 1961 ipse,

219 1974 320 2046 Poena
337 1989 451 2074 potest
466 1971 568 2061 demi,
588 1970 686 2075 culpa
702 1974 856 2076 perennis
871 1977 943 2049 erit.

168 2152 224 2206 tus,
232 2156 290 2195 non
301 2149 403 2193 recusat
414 2148 502 2192 tamen
517 2158 531 2191 a
543 2139 618 2194 uobis
628 2140 679 2194 coli
726 2142 866 2196 latentium
873 2160 919 2195 sua
927 2141 1053 2208 crimina,
1063 2150 1090 2194 et
1098 2138 1167 2194 setta
1175 2157 1231 2194 ωε-

169 2229 260 2272 nostro
272 2217 398 2273 carmine.
727 2222 798 2276 ritos.

203 2305 242 2353 51.
254 2300 377 2369 Halm
388 2299 474 2349 Isidis.
490 2297 555 2351 Hoc
567 2316 628 2350 vera
639 2297 679 2349 le·
760 2301 799 2354 55.
807 2301 1149 2367 Qur’elvaleaulsuanmirae.
1156 2294 1233 2365 Quid

94 2388 97 2394 '
168 2376 375 2447 ctio,quidq1id
388 2377 549 2431 membrana
566 2378 635 2430 iuter
649 2397 677 2429 se
726 2380 824 2448 possint
834 2378 953 2430 Deorum
964 2374 1233 2449 vires.-Teste.Ali-

169 2468 296 2527 pugnant.
304 2452 677 2518 tt-Istdtscujussscerdores
725 2476 779 2524 quo
789 2466 919 2519 noronte,
936 2455 964 2508 in
977 2473 1056 2524 quern
1066 2453 1234 2508 animadver-

167 2535 221 2588 lino
233 2532 295 2585 tecti
307 2549 378 2584 saera
387 2531 452 2582 Dee
460 2528 635 2583 celebrabant
726 2533 814 2585 tarint.

201 2617 240 2665 Sa.
251 2613 339 2663 Sedere
350 2619 409 2660 ante
413 2607 493 2673 socos
502 2606 611 2661 Isiacos.
624 2609 673 2662 Se·
746 2610 787 2663 61.
795 2608 1234 2675 Quumquesdtexsdb‘mmffllrest.

166 2687 228 2741 dere
241 2697 301 2739 ante
314 2683 403 2737 altaria
417 2682 504 2749 lsidis,
518 2681 542 2735 ei
552 2684 676 2738 sacrifiea-
724 2688 763 2741 lta
772 2692 874 2736 veteres
880 2693 1037 2739 constanter.
1043 2682 1234 2741 cena-ifli-

167 2777 273 2830 turum,
292 2772 461 2832 posteaquam
472 2771 529 2830 post
539 2762 675 2830 poeniten-
723 2761 837 2817 lominus
844 2762 1011 2817 scribendum
1019 2785 1074 2819 erse
1085 2786 1091 2821 :
1103 2760 1232 2832 *Quum-

166 2847 230 2899 tiam
244 2843 301 2896 Dea
318 2840 415 2911 placata
428 2840 464 2893 illi
477 2841 582 2905 veniam
596 2841 675 2895 dedit.
724 2861 774 2911 que
783 2841 815 2896 sit
823 2842 1045 2914 exsilium‚magis
1052 2866 1079 2899 es
1085 2840 1146 2897 mibi
1152 2839 1231 2913 cub»

200 2923 240 2976 53.
256 2923 337 2974 Alter.
354 2918 459 2972 Scilicet
476 2920 571 2973 lsiacus
585 2939 675 2973 sacer-
725 2920 841 2973 dolori.»
857 2921 926 2974 Nam
939 2927 964 2975 ab
973 2932 1013 2976 es!
1024 2942 1099 2976 versu
1110 2921 1230 2991 proximo

165 3003 221 3055 dos.
240 3029 273 3041 ·-
292 3004 409 3054 Pniatus
430 3002 530 3053 Iumina.
554 2999 674 3054 Privatus
722 3001 1227 3070 rursussequitur,ubipaenasrumAr·

165 3082 246 3135 oeulis
264 3093 391 3150 tanquam
410 3080 539 3149 perjurus.
561 3081 674 3151 Quoties
722 3079 898 3146 gentoratensi
918 3078 1005 3142 malo,
1028 3099 1106 3149 quam
1120 3096 1227 3145 pem.

165 3160 238 3211 enirn
260 3179 307 3228 per
328 3157 424 3212 lsidem
450 3158 568 3226 jurantes
593 3156 672 3210 fidem
722 3154 818 3208 Similis
832 3155 955 3225 loquendi
967 3156 1061 3209 modus
1073 3155 1141 3208 iufra
1154 3155 1227 3223 Eleg.

164 3254 219 3286 non
236 3236 393 3301 servabant,
414 3235 574 3304 putabantur
591 3254 604 3286 a
617 3234 674 3286 Dea
721 3247 760 3296 tt,
769 3252 804 3284 vs.
816 3233 845 3286 31
858 3253 865 3285 τ
877 3254 891 3277 «
902 3232 1024 3286 Junrtior
1037 3233 1177 3286 Haemonia
1188 3241 1228 3285 est

163 3311 218 3362 visu
231 3313 335 3379 privari.
346 3313 468 3365 Juvenal.
478 3313 532 3365 Sat.
543 3312 625 3371 Xlll,
637 3329 672 3363 vs.
721 3309 821 3374 Ponto,
837 3326 914 3377 quam
930 3309 1015 3360 Roma
1029 3309 1061 3362 sit
1074 3310 1148 3362 lstro.
1161 3328 1175 3353 a
1189 3307 1227 3359 H.

164 3388 197 3456 93
209 3405 253 3454 sq:
266 3408 278 3430 r
291 3386 425 3440 Decernat
438 3387 613 3456 quodcunque
624 3406 673 3440 vo-
752 3386 793 3438 ba.
805 3388 899 3453 Estque
907 3391 1069 3451 pars'pasas.
1082 3383 1223 3434 Rationem

164 3463 201 3516 let
213 3465 245 3516 de
256 3483 366 3533 corpore
379 3476 469 3517 nostro
483 3465 545 3529 lsis,
564 3476 591 3516 et
606 3467 672 3518 irato
720 3463 846 3534 adsignat,
859 3479 906 3514 cur
915 3463 995 3529 magis
1003 3457 1221 3517 doleatcrimiue.

161 3542 240 3595 feriat
248 3561 305 3594 mea
315 3543 415 3594 lumina
422 3542 509 3595 sistro:
518 3542 671 3597 Dummodo
720 3558 798 3607 quarn
811 3538 904 3593 exsilio.
918 3538 989 3604 Quia
1001 3536 1081 3605 magis
1093 3553 1135 3586 me
1149 3535 1224 3605 angit

161 3621 202 3674 vel
221 3639 302 3673 rocus
320 3632 445 3684 teneam,
464 3639 530 3688 quos
550 3623 668 3692 abnego,
718 3631 853 3686 peecatum
861 3626 1172 3685 meum,quampoenaet
1183 3634 1224 3669 ex·

163 3716 293 3753 nummos.
305 3721 318 3744 u
328 3700 359 3752 ln
367 3697 525 3766 Antbologia
534 3698 670 3765 groecabu·
717 3697 927 3762 silium-(luam
935 3698 1058 3746 Μίδαι.
1066 3692 1158 3762 Quam
1167 3712 1223 3762 pee-

162 3781 234 3833 cilius
248 3797 254 3830 ε
268 3787 300 3845 μὴ
316 3780 433 3853 serapias
453 3787 503 3839 Τὴν
523 3771 571 3832 leo
582 3783 668 3849 ταύτῃ
717 3785 804 3828 catum
819 3773 994 3839 commisisse,
1007 3791 1061 3842 quo
1072 3773 1163 3827 videar
1178 3772 1223 3826 di-

162 3858 251 3911 buret
264 3855 385 3919 Persius,
403 3854 457 3907 Sat.
470 3856 506 3918 V,
521 3873 587 3908 vers.
607 3857 662 3921 185,
718 3872 785 3921 gnus
797 3855 839 3907 tali
849 3871 932 3924 poena.

160 3932 357 4006 respexit,apud
365 3951 445 4001 quens
452 3932 578 3999 obcurrit,
588 3951 669 3986 «eum
748 3932 788 3984 63.
801 3935 895 3997 (Μῶν
903 3929 1110 3998 estmaufistabr
1118 3936 1176 3996 ipse.
1187 3928 1219 3978 lu

161 4015 236 4067 sistro
249 4013 318 4066 lusca
331 4008 458 4063 sacerdos.
469 4031 482 4054 a
497 4005 500 4011 ’
716 4011 809 4076 quibus
819 4011 936 4080 Diisipse
946 4011 1080 4081 Augustus
1090 4001 1218 4076 magisad·

195 4094 233 4141 55.
250 4092 464 4158 rattaprecosia.
473 4083 567 4140 Talem
573 4104 666 4139 vocem
715 4096 805 4154 paret,
819 4089 880 4154 quia
890 4108 906 4140 a
916 4088 992 4142 nobis
1003 4087 1112 4141 ridetur.
