2722 4702
245 333 514 402 TRISTIUM
537 336 637 406 LIB.
664 338 706 406 V.
734 339 881 409 ELEG.
907 342 952 411 V.
1069 350 1129 417 aar
1156 422 1159 427 ,

119 473 233 573 Nupta
249 473 314 547 suit
329 473 449 548 misero
467 503 584 577 nempe
602 477 693 577 quod
708 505 773 551 una
789 478 868 552 viro.

76 590 194 678 Effice,
210 607 249 663 ut
265 588 380 663 lliacas
397 606 508 686 tangat
524 594 615 692 prior
631 593 714 668 alter
729 623 861 683 arenas3

121 702 299 779 Laodamia
315 701 400 774 nihil
416 732 474 776 cnr
488 704 646 779 reseratur
663 707 735 781 erit.

79 824 122 897 Et
136 839 211 908 tna,
230 819 320 919 quod
336 818 481 909 mallem,
499 822 603 924 pietas
621 823 734 918 ignota
749 841 912 912 maneret,

123 938 318 1039 implessent
334 939 422 1011 renti
440 940 468 1012 si
484 968 555 1014 mea
570 940 639 1014 vela
657 944 718 1016 sui.

79 1060 124 1133 Di
139 1077 267 1145 tamen,
285 1074 316 1130 et
333 1057 442 1130 Caesar
459 1057 521 1129 Dis
537 1085 722 1146 accessure,
742 1056 799 1132 scd
814 1057 914 1147 olim,

128 1174 304 1276 AEquarint
319 1172 432 1274 Pylios
451 1202 552 1273 quum
573 1193 628 1249 tua
644 1174 711 1249 fata
727 1174 816 1263 diea;

81 1290 156 1363 Non
172 1287 274 1376 mihi,
292 1287 348 1388 qni
367 1314 498 1388 poenam
516 1287 621 1361 fatcor
638 1287 815 1374 meruisse,
832 1286 891 1360 sed
904 1285 954 1360 illi

130 1403 271 1490 Parcite,
289 1430 376 1502 que,
394 1399 487 1474 nullo
500 1401 601 1497 digna
618 1400 750 1488 dolore,
768 1400 873 1475 dolet!

83 1574 174 1628 mulier
181 1572 274 1644 insigni
283 1573 351 1639 tide,
366 1573 483 1642 Migrare
491 1584 585 1641 sponte
660 1577 699 1640 57.
710 1573 788 1625 Alter.
801 1570 891 1639 Quam
903 1572 1059 1626 Protesilaus
1067 1592 1074 1626 τ
1082 1577 1138 1643 qui,

86 1652 163 1704 voluit
174 1671 255 1705 annor
267 1651 295 1704 in
305 1669 366 1704 suos
377 1649 477 1703 Carum
497 1650 586 1702 mario·
636 1669 718 1718 quum
729 1648 828 1718 primus
840 1650 921 1702 enari
934 1650 961 1703 in
973 1650 1033 1704 lituo
1045 1652 1141 1720 Troja-

87 1739 149 1783 tum.
158 1729 251 1782 »Hinc
266 1729 386 1796 Propert.
398 1726 440 1781 tib.
454 1728 496 1793 ll,
513 1729 586 1799 Eieg.
636 1745 700 1779 num
714 1725 903 1793 descendisset,
916 1725 1054 1793 primuede
1064 1727 1142 1783 Gre-

88 1822 121 1871 v,
141 1826 166 1856 v.
178 1810 224 1858 ιδ’.
244 1827 258 1849 α
272 1805 344 1856 Felix
357 1803 461 1858 Admeti
475 1807 586 1873 conjux,
636 1804 671 1857 cir
689 1814 727 1857 est
742 1803 911 1865 interiectum
932 1803 1038 1872 quicum
1058 1818 1140 1876 nupta

87 1893 113 1936 et
120 1882 201 1935 iet-tur
210 1881 321 1951 Utyois,
331 1880 366 1932 Et
373 1900 538 1950 quecumque
551 1883 590 1934 ri·
637 1882 846 1936 eratLaodamia.

88 1958 113 2009 ri
122 1957 223 2010 {emina
232 1956 315 2008 limen
322 1967 397 2008 amat.
405 1979 418 2003 ι
429 1961 478 2011 Cur
488 1965 589 2026 co5m'ta
669 1966 708 2029 59.
727 1961 763 2010 Et
775 1969 835 2021 tua,
846 1961 914 2027 quod
926 1964 1020 2013 malles.
1037 1965 1142 2017 Mallem

90 2037 162 2087 nobis
176 2033 292 2102 plerique
306 2042 407 2085 veteres
416 2053 423 2085 a
432 2033 495 2087 nihii
506 2047 588 2089 muto,
639 2034 1139 2105 priorPolitianietoptimurMediceus,

116 2106 590 2165 56.t!iserovoo.1ntetieimartrottd-
637 2130 699 2166 cum
724 2113 850 2180 excerptis
875 2112 970 2164 vossii,
996 2116 1142 2180 Implessent

90 2199 166 2244 meto.
639 2189 719 2241 etiarn
727 2187 787 2240 duo.
799 2188 898 2240 Hune.

967 2352 1135 2365 Ἢ..

444 2487 681 2573 cincla
710 2447 787 2573 vr.

420 2832 816 2901 ARGUMENTUM.
886 2852 889 2859 '

114 2996 245 3064 Queritur
256 3011 283 3046 ee
294 2992 325 3048 ab
340 2994 426 3048 amico
444 2990 552 3045 darien
568 2991 760 3062 :hortaturque
781 2992 873 3058 illum,
891 3004 922 3048 ut
941 3005 1089 3050 constanter
1105 2999 1133 3051 in
1224 3048 1226 3052 .

339 3079 451 3133 amicitia
464 3076 595 3146 persistat,
606 3079 780 3148 quamprimo
792 3077 914 3131 coluerat.

101 3256 169 3363 TU
188 3312 339 3388 quoqne,
358 3303 546 3360 nostrarum
561 3284 727 3384 quondam
743 3281 863 3355 fiducia
880 3309 1009 3375 rerum,

144 3405 213 3502 Qui
232 3401 317 3476 mihi
332 3402 541 3497 confugium,
558 3401 613 3501 qni
630 3401 712 3472 mihi
728 3415 844 3498 portus
861 3424 948 3488 eras;

98 3519 146 3594 Tu
161 3520 265 3594 modo
286 3518 428 3617 suscepti
445 3542 574 3589 causam
589 3514 728 3588 dimittis
744 3513 858 3601 amici,

134 3692 157 3742 3.
177 3695 213 3744 Tu
223 3693 444 3761 quoquesuscepti.
456 3685 599 3756 tttudqw-
652 3704 712 3738 rum
729 3683 819 3739 leviter
837 3684 995 3748 dererniem
1012 3697 1041 3739 ut
1055 3705 1085 3740 er
1102 3698 1155 3742 tota

104 3771 277 3836 preerpr'rrno
285 3786 362 3821 versu
370 3765 510 3835 repetitum
523 3772 600 3834 puto:
652 3763 733 3831 etegia
744 3775 831 3832 patet,
849 3776 917 3817 etex
929 3765 1047 3832 requenti
1059 3784 1152 3830 versu,

105 3860 167 3894 nam
174 3841 281 3896 Putean.
290 3843 386 3909 vossii,
397 3853 424 3895 et
431 3851 489 3894 octo
496 3840 552 3908 alii,
564 3842 601 3894 Tre
651 3848 704 3892 taen
713 3846 840 3908 citoponr's
847 3844 930 3896 onus?
940 3843 993 3895 Pro
999 3863 1082 3896 curam
1090 3859 1156 3907 quo·

103 3924 177 3971 modo
192 3929 312 3985 suscepti.
334 3919 400 3986 quod
421 3915 522 3988 praetuli
532 3936 540 3969 ι
549 3928 602 3971 ete·
653 3936 702 3986 que
711 3936 813 3972 caesam
824 3917 925 3987 recepi,
936 3938 996 3972 curn
1008 3917 1154 3971 comitano

105 3999 158 4049 nim
172 3996 216 4049 hic
228 3998 325 4049 amicus
337 3996 437 4049 videtur
450 3996 521 4065 prius
531 4014 605 4050 enn-
652 3994 741 4062 libro,
767 3996 828 4063 quia
850 3995 942 4047 meiius
961 3992 1099 4062 respondet
1122 3999 1155 4059 τῷ

106 4073 253 4130 liecensem
269 4071 423 4139 succepirre,
440 4072 533 4128 deinde
551 4072 607 4129 ite·
654 4077 769 4141 suscepti.
783 4076 867 4126 Causa
882 4082 909 4126 et
922 4089 981 4124 cora
996 4066 1086 4119 millies
1097 4080 1112 4112 a
1124 4063 1155 4115 ti·
