<?xml version="1.0" encoding="UTF-8"?>
<!DOCTYPE html PUBLIC "-//W3C//DTD XHTML 1.0 Transitional//EN"
    "http://www.w3.org/TR/xhtml1/DTD/xhtml1-transitional.dtd">
<html xmlns="http://www.w3.org/1999/xhtml" xml:lang="en" lang="en">
 <head>
  <title>
</title>
<meta http-equiv="Content-Type" content="text/html;charset=utf-8" />
  <meta name='ocr-system' content='tesseract 3.04.00' />
  <meta name='ocr-capabilities' content='ocr_page ocr_carea ocr_par ocr_line ocrx_word'/>
</head>
<body>
  <div class='ocr_page' id='page_1' title='image "./publiiovidiinas04massgoog/publiiovidiinas04massgoog_0208.png"; bbox 0 0 2722 4702; ppageno 0'>
   <div class='ocr_carea' id='block_1_1' title="bbox 144 350 931 425">
    <p class='ocr_par' dir='ltr' id='par_1_1' title="bbox 144 350 931 425">
     <span class='ocr_line' id='line_1_1' title="bbox 144 350 931 425; baseline 0.005 -4"><span class='ocrx_word' id='word_1_1' title='bbox 144 378 209 421; x_wconf 75' lang='lat' dir='ltr'><strong>ooo</strong></span> <span class='ocrx_word' id='word_1_2' title='bbox 416 355 454 420; x_wconf 88' lang='lat' dir='ltr'><strong>P.</strong></span> <span class='ocrx_word' id='word_1_3' title='bbox 488 354 671 421; x_wconf 88' lang='lat' dir='ltr'><strong>OVIDII</strong></span> <span class='ocrx_word' id='word_1_4' title='bbox 699 350 931 425; x_wconf 84' lang='lat' dir='ltr'><strong>NASONIS</strong></span> 
     </span>
    </p>
   </div>
   <div class='ocr_carea' id='block_1_2' title="bbox 114 490 1211 1632">
    <p class='ocr_par' dir='ltr' id='par_1_2' title="bbox 114 490 1211 1632">
     <span class='ocr_line' id='line_1_2' title="bbox 114 490 898 592; baseline 0.004 -27"><span class='ocrx_word' id='word_1_5' title='bbox 114 525 117 529; x_wconf 93' lang='lat'><em>·</em></span> <span class='ocrx_word' id='word_1_6' title='bbox 143 494 190 565; x_wconf 90' lang='lat' dir='ltr'><strong>Ut</strong></span> <span class='ocrx_word' id='word_1_7' title='bbox 207 491 326 577; x_wconf 81' lang='lat' dir='ltr'><strong>cecidi,</strong></span> <span class='ocrx_word' id='word_1_8' title='bbox 347 490 449 565; x_wconf 90' lang='lat' dir='ltr'><strong>subiti</strong></span> <span class='ocrx_word' id='word_1_9' title='bbox 467 518 588 592; x_wconf 82' lang='lat' dir='ltr'><strong>perago</strong></span> <span class='ocrx_word' id='word_1_10' title='bbox 604 493 767 591; x_wconf 75' lang='lat' dir='ltr'><strong>praeconia</strong></span> <span class='ocrx_word' id='word_1_11' title='bbox 784 520 898 581; x_wconf 84' lang='lat' dir='ltr'><strong>casus,</strong></span> 
     </span>
     <span class='ocr_line' id='line_1_3' title="bbox 192 609 882 711; baseline 0.001 -29"><span class='ocrx_word' id='word_1_12' title='bbox 192 610 337 709; x_wconf 80' lang='lat' dir='ltr'>Sumque</span> <span class='ocrx_word' id='word_1_13' title='bbox 351 609 534 706; x_wconf 83' lang='lat' dir='ltr'><strong>argumenti</strong></span> <span class='ocrx_word' id='word_1_14' title='bbox 553 609 705 682; x_wconf 88' lang='lat' dir='ltr'><strong>conditor</strong></span> <span class='ocrx_word' id='word_1_15' title='bbox 721 610 791 711; x_wconf 88' lang='lat' dir='ltr'><strong>ipsc</strong></span> <span class='ocrx_word' id='word_1_16' title='bbox 808 610 882 683; x_wconf 84' lang='lat' dir='ltr'><strong>mei.</strong></span> 
     </span>
     <span class='ocr_line' id='line_1_4' title="bbox 144 724 891 826; baseline 0.001 -28"><span class='ocrx_word' id='word_1_17' title='bbox 144 728 256 826; x_wconf 89' lang='lat' dir='ltr'><strong>thue</strong></span> <span class='ocrx_word' id='word_1_18' title='bbox 270 727 378 823; x_wconf 87' lang='lat' dir='ltr'><strong>jacens</strong></span> <span class='ocrx_word' id='word_1_19' title='bbox 394 727 484 824; x_wconf 91' lang='lat' dir='ltr'><strong>ripa,</strong></span> <span class='ocrx_word' id='word_1_20' title='bbox 503 724 620 798; x_wconf 88' lang='lat' dir='ltr'><strong>dellere</strong></span> <span class='ocrx_word' id='word_1_21' title='bbox 638 725 808 826; x_wconf 77' lang='lat' dir='ltr'><strong>Caystrius</strong></span> <span class='ocrx_word' id='word_1_22' title='bbox 825 725 891 800; x_wconf 85' lang='lat' dir='ltr'><strong>ales</strong></span> 
     </span>
     <span class='ocr_line' id='line_1_5' title="bbox 193 840 844 915; baseline -0.002 -2"><span class='ocrx_word' id='word_1_23' title='bbox 193 841 325 915; x_wconf 84' lang='lat' dir='ltr'>Dicitur</span> <span class='ocrx_word' id='word_1_24' title='bbox 342 871 398 915; x_wconf 89' lang='lat' dir='ltr'><strong>ore</strong></span> <span class='ocrx_word' id='word_1_25' title='bbox 417 870 508 915; x_wconf 89' lang='lat' dir='ltr'><strong>suam</strong></span> <span class='ocrx_word' id='word_1_26' title='bbox 528 840 696 915; x_wconf 85' lang='lat' dir='ltr'><strong>deficiente</strong></span> <span class='ocrx_word' id='word_1_27' title='bbox 713 869 844 915; x_wconf 86' lang='lat' dir='ltr'><strong>necem:</strong></span> 
     </span>
     <span class='ocr_line' id='line_1_6' title="bbox 145 953 965 1056; baseline 0.001 -30"><span class='ocrx_word' id='word_1_28' title='bbox 145 954 199 1026; x_wconf 88' lang='lat' dir='ltr'><strong>Sic</strong></span> <span class='ocrx_word' id='word_1_29' title='bbox 216 984 298 1051; x_wconf 84' lang='lat' dir='ltr'><strong>ego,</strong></span> <span class='ocrx_word' id='word_1_30' title='bbox 317 956 510 1029; x_wconf 88' lang='lat' dir='ltr'><strong>Sarmaticas</strong></span> <span class='ocrx_word' id='word_1_31' title='bbox 524 953 622 1050; x_wconf 85' lang='lat' dir='ltr'><strong>longe</strong></span> <span class='ocrx_word' id='word_1_32' title='bbox 637 955 804 1056; x_wconf 87' lang='lat' dir='ltr'><strong>projectus</strong></span> <span class='ocrx_word' id='word_1_33' title='bbox 820 954 965 1041; x_wconf 79' lang='lat' dir='ltr'><strong>inuras,</strong></span> 
     </span>
     <span class='ocr_line' id='line_1_7' title="bbox 193 1070 815 1144; baseline 0.002 -2"><span class='ocrx_word' id='word_1_34' title='bbox 193 1070 311 1143; x_wconf 82' lang='lat' dir='ltr'><strong>Efficio</strong></span> <span class='ocrx_word' id='word_1_35' title='bbox 330 1072 464 1144; x_wconf 86' lang='lat' dir='ltr'><strong>tacitum</strong></span> <span class='ocrx_word' id='word_1_36' title='bbox 482 1097 523 1143; x_wconf 96' lang='lat' dir='ltr'><strong>ne</strong></span> <span class='ocrx_word' id='word_1_37' title='bbox 541 1070 623 1143; x_wconf 92' lang='lat' dir='ltr'><strong>mihi</strong></span> <span class='ocrx_word' id='word_1_38' title='bbox 637 1070 737 1144; x_wconf 86' lang='lat' dir='ltr'><strong>funus</strong></span> <span class='ocrx_word' id='word_1_39' title='bbox 754 1087 815 1144; x_wconf 90' lang='lat' dir='ltr'><strong>eat.</strong></span> 
     </span>
     <span class='ocr_line' id='line_1_8' title="bbox 145 1180 1211 1287; baseline -0.002 -30"><span class='ocrx_word' id='word_1_40' title='bbox 145 1184 290 1260; x_wconf 84' lang='lat' dir='ltr'>Delicias</span> <span class='ocrx_word' id='word_1_41' title='bbox 308 1184 336 1258; x_wconf 92' lang='lat' dir='ltr'><strong>si</strong></span> <span class='ocrx_word' id='word_1_42' title='bbox 353 1185 445 1287; x_wconf 91' lang='lat' dir='ltr'><strong>quis,</strong></span> <span class='ocrx_word' id='word_1_43' title='bbox 465 1183 649 1284; x_wconf 87' lang='lat' dir='ltr'><strong>lascivaque</strong></span> <span class='ocrx_word' id='word_1_44' title='bbox 668 1183 811 1256; x_wconf 88' lang='lat' dir='ltr'><strong>carmina</strong></span> <span class='ocrx_word' id='word_1_45' title='bbox 830 1180 964 1282; x_wconf 72' lang='lat' dir='ltr'><strong>querit,</strong></span> <span class='ocrx_word' id='word_1_46' title='bbox 1180 1204 1211 1255; x_wconf 72' lang='grc' dir='ltr'><strong>ιε</strong></span> 
     </span>
     <span class='ocr_line' id='line_1_9' title="bbox 196 1296 1012 1403; baseline -0.01 -28"><span class='ocrx_word' id='word_1_47' title='bbox 196 1302 385 1375; x_wconf 86' lang='lat' dir='ltr'><strong>Praemoneo</strong></span> <span class='ocrx_word' id='word_1_48' title='bbox 403 1330 573 1402; x_wconf 90' lang='lat' dir='ltr'><strong>nunquam</strong></span> <span class='ocrx_word' id='word_1_49' title='bbox 591 1300 713 1403; x_wconf 86' lang='lat' dir='ltr'><strong>scripta</strong></span> <span class='ocrx_word' id='word_1_50' title='bbox 730 1299 819 1401; x_wconf 89' lang='lat' dir='ltr'><strong>quod</strong></span> <span class='ocrx_word' id='word_1_51' title='bbox 838 1299 900 1372; x_wconf 91' lang='lat' dir='ltr'><strong>ista</strong></span> <span class='ocrx_word' id='word_1_52' title='bbox 916 1296 1012 1392; x_wconf 85' lang='lat' dir='ltr'><strong>legat.</strong></span> 
     </span>
     <span class='ocr_line' id='line_1_10' title="bbox 148 1414 1032 1518; baseline -0.006 -27"><span class='ocrx_word' id='word_1_53' title='bbox 148 1419 273 1518; x_wconf 84' lang='lat' dir='ltr'><strong>Aptior</strong></span> <span class='ocrx_word' id='word_1_54' title='bbox 291 1419 368 1491; x_wconf 92' lang='lat' dir='ltr'><strong>huic</strong></span> <span class='ocrx_word' id='word_1_55' title='bbox 388 1415 522 1505; x_wconf 85' lang='lat' dir='ltr'><strong>Gallus,</strong></span> <span class='ocrx_word' id='word_1_56' title='bbox 541 1416 721 1517; x_wconf 85' lang='lat' dir='ltr'>blandique</span> <span class='ocrx_word' id='word_1_57' title='bbox 739 1415 931 1516; x_wconf 82' lang='lat' dir='ltr'><strong>Propertius</strong></span> <span class='ocrx_word' id='word_1_58' title='bbox 949 1414 1032 1502; x_wconf 86' lang='lat' dir='ltr'><strong>oris,</strong></span> 
     </span>
     <span class='ocr_line' id='line_1_11' title="bbox 196 1528 905 1632; baseline -0.007 -27"><span class='ocrx_word' id='word_1_59' title='bbox 196 1532 335 1632; x_wconf 81' lang='lat' dir='ltr'><strong>Aptior,</strong></span> <span class='ocrx_word' id='word_1_60' title='bbox 353 1532 521 1626; x_wconf 87' lang='lat' dir='ltr'><strong>ingenium</strong></span> <span class='ocrx_word' id='word_1_61' title='bbox 537 1559 646 1616; x_wconf 88' lang='lat' dir='ltr'><strong>corne,</strong></span> <span class='ocrx_word' id='word_1_62' title='bbox 661 1528 815 1603; x_wconf 84' lang='lat' dir='ltr'><strong>Tibullus</strong></span> <span class='ocrx_word' id='word_1_63' title='bbox 833 1529 905 1603; x_wconf 88' lang='lat' dir='ltr'><strong>erit.</strong></span> 
     </span>
    </p>
   </div>
   <div class='ocr_carea' id='block_1_3' title="bbox 149 1696 1221 4194">
    <p class='ocr_par' dir='ltr' id='par_1_3' title="bbox 149 1696 1214 1924">
     <span class='ocr_line' id='line_1_12' title="bbox 181 1696 1213 1771; baseline 0.002 -21"><span class='ocrx_word' id='word_1_64' title='bbox 181 1721 205 1771; x_wconf 80' lang='lat'><strong>9.</strong></span> <span class='ocrx_word' id='word_1_65' title='bbox 219 1702 314 1765; x_wconf 66' lang='lat' dir='ltr'><strong>Perage</strong></span> <span class='ocrx_word' id='word_1_66' title='bbox 324 1703 458 1766; x_wconf 79' lang='lat' dir='ltr'><strong>preconia.</strong></span> <span class='ocrx_word' id='word_1_67' title='bbox 472 1699 537 1752; x_wconf 86' lang='lat' dir='ltr'><strong>Sum</strong></span> <span class='ocrx_word' id='word_1_68' title='bbox 554 1717 654 1766; x_wconf 78' lang='lat' dir='ltr'><strong>praeco,</strong></span> <span class='ocrx_word' id='word_1_69' title='bbox 704 1696 766 1767; x_wconf 86' lang='lat' dir='ltr'><strong>quid</strong></span> <span class='ocrx_word' id='word_1_70' title='bbox 775 1696 822 1750; x_wconf 89' lang='lat' dir='ltr'><strong>ista</strong></span> <span class='ocrx_word' id='word_1_71' title='bbox 833 1696 914 1766; x_wconf 82' lang='lat' dir='ltr'><strong>legat,</strong></span> <span class='ocrx_word' id='word_1_72' title='bbox 926 1718 939 1743; x_wconf 75' lang='lat' dir='ltr'><strong>o</strong></span> <span class='ocrx_word' id='word_1_73' title='bbox 945 1696 986 1751; x_wconf 85' lang='lat' dir='ltr'><strong>vel</strong></span> <span class='ocrx_word' id='word_1_74' title='bbox 998 1715 1116 1765; x_wconf 67' lang='lat' dir='ltr'><strong>nusquam</strong></span> <span class='ocrx_word' id='word_1_75' title='bbox 1127 1711 1137 1760; x_wconf 69' lang='grc' dir='ltr'><strong><em>ς</em></strong></span> <span class='ocrx_word' id='word_1_76' title='bbox 1148 1706 1179 1750; x_wconf 89' lang='lat' dir='ltr'><strong>ut</strong></span> <span class='ocrx_word' id='word_1_77' title='bbox 1186 1702 1213 1752; x_wconf 70' lang='lat' dir='ltr'><strong>ei</strong></span> 
     </span>
     <span class='ocr_line' id='line_1_13' title="bbox 150 1775 1213 1846; baseline 0.002 -17"><span class='ocrx_word' id='word_1_78' title='bbox 150 1788 177 1829; x_wconf 95' lang='lat' dir='ltr'><strong>et</strong></span> <span class='ocrx_word' id='word_1_79' title='bbox 188 1776 405 1829; x_wconf 76' lang='lat' dir='ltr'><strong>scribo-Subita·</strong></span> <span class='ocrx_word' id='word_1_80' title='bbox 413 1794 496 1828; x_wconf 84' lang='lat' dir='ltr'><strong>casus.</strong></span> <span class='ocrx_word' id='word_1_81' title='bbox 506 1776 656 1829; x_wconf 78' lang='lat' dir='ltr'><strong>Subitaere-</strong></span> <span class='ocrx_word' id='word_1_82' title='bbox 703 1789 733 1831; x_wconf 80' lang='lat' dir='ltr'><strong>ut</strong></span> <span class='ocrx_word' id='word_1_83' title='bbox 741 1775 961 1846; x_wconf 81' lang='lat' dir='ltr'><strong>subintelligatur,</strong></span> <span class='ocrx_word' id='word_1_84' title='bbox 973 1775 1213 1845; x_wconf 73' lang='lat' dir='ltr'><strong>eo&#39;qeidredunelet.</strong></span> 
     </span>
     <span class='ocr_line' id='line_1_14' title="bbox 149 1852 1214 1924; baseline -0.001 -17"><span class='ocrx_word' id='word_1_85' title='bbox 149 1852 290 1923; x_wconf 77' lang='lat' dir='ltr'><strong>legationis.</strong></span> <span class='ocrx_word' id='word_1_86' title='bbox 304 1854 381 1905; x_wconf 70' lang='lat' dir='ltr'><strong>Mure</strong></span> <span class='ocrx_word' id='word_1_87' title='bbox 572 1902 578 1913; x_wconf 84' lang='lat'><strong>,</strong></span> <span class='ocrx_word' id='word_1_88' title='bbox 705 1854 882 1924; x_wconf 83' lang='lat' dir='ltr'><strong>Capolerreus</strong></span> <span class='ocrx_word' id='word_1_89' title='bbox 891 1874 933 1908; x_wconf 89' lang='lat' dir='ltr'><strong>me</strong></span> <span class='ocrx_word' id='word_1_90' title='bbox 942 1854 1214 1909; x_wconf 83' lang='lat' dir='ltr'><strong>mouebatviderisibi</strong></span> 
     </span>
    </p>

    <p class='ocr_par' dir='ltr' id='par_1_4' title="bbox 149 1932 1215 2395">
     <span class='ocr_line' id='line_1_15' title="bbox 185 1932 1215 2003; baseline 0.002 -19"><span class='ocrx_word' id='word_1_91' title='bbox 185 1953 222 1985; x_wconf 90' lang='grc' dir='ltr'><strong>ιο.</strong></span> <span class='ocrx_word' id='word_1_92' title='bbox 230 1934 334 2001; x_wconf 76' lang='lat' dir='ltr'><strong>Sumque</strong></span> <span class='ocrx_word' id='word_1_93' title='bbox 341 1936 607 2001; x_wconf 66' lang='lat' dir='ltr'><strong>argumenls&#39;conditor.</strong></span> <span class='ocrx_word' id='word_1_94' title='bbox 616 1932 656 2003; x_wconf 89' lang='lat' dir='ltr'><strong>lp·</strong></span> <span class='ocrx_word' id='word_1_95' title='bbox 703 1933 865 2003; x_wconf 78' lang='lat' dir='ltr'><strong>legendum:</strong></span> <span class='ocrx_word' id='word_1_96' title='bbox 876 1955 889 1979; x_wconf 73' lang='lat' dir='ltr'><strong>s</strong></span> <span class='ocrx_word' id='word_1_97' title='bbox 900 1935 1057 1986; x_wconf 80' lang='lat' dir='ltr'><strong>Praemoneo</strong></span> <span class='ocrx_word' id='word_1_98' title='bbox 1074 1952 1215 2002; x_wconf 84' lang='lat' dir='ltr'><strong>nunquam</strong></span> 
     </span>
     <span class='ocr_line' id='line_1_16' title="bbox 149 2010 1214 2080; baseline 0.002 -15"><span class='ocrx_word' id='word_1_99' title='bbox 149 2023 233 2065; x_wconf 86' lang='lat' dir='ltr'><strong>semet</strong></span> <span class='ocrx_word' id='word_1_100' title='bbox 248 2011 312 2065; x_wconf 84' lang='lat' dir='ltr'><strong>mibi</strong></span> <span class='ocrx_word' id='word_1_101' title='bbox 331 2012 467 2066; x_wconf 86' lang='lat' dir='ltr'><strong>materiam</strong></span> <span class='ocrx_word' id='word_1_102' title='bbox 484 2012 516 2066; x_wconf 86' lang='lat' dir='ltr'><strong>ad</strong></span> <span class='ocrx_word' id='word_1_103' title='bbox 535 2012 656 2066; x_wconf 87' lang='lat' dir='ltr'><strong>scriben-</strong></span> <span class='ocrx_word' id='word_1_104' title='bbox 705 2012 801 2066; x_wconf 89' lang='lat' dir='ltr'><strong>Tristia</strong></span> <span class='ocrx_word' id='word_1_105' title='bbox 821 2022 911 2065; x_wconf 89' lang='lat' dir='ltr'><strong>nostra</strong></span> <span class='ocrx_word' id='word_1_106' title='bbox 930 2010 1027 2080; x_wconf 81' lang='lat' dir='ltr'><strong>legat.»</strong></span> <span class='ocrx_word' id='word_1_107' title='bbox 1046 2011 1107 2065; x_wconf 89' lang='lat' dir='ltr'><strong>Non</strong></span> <span class='ocrx_word' id='word_1_108' title='bbox 1125 2013 1214 2067; x_wconf 81' lang='lat' dir='ltr'><strong>male:</strong></span> 
     </span>
     <span class='ocr_line' id='line_1_17' title="bbox 151 2086 1215 2162; baseline -0.003 -18"><span class='ocrx_word' id='word_1_109' title='bbox 151 2092 215 2145; x_wconf 88' lang='lat' dir='ltr'><strong>dum</strong></span> <span class='ocrx_word' id='word_1_110' title='bbox 232 2093 407 2162; x_wconf 79' lang='lat' dir='ltr'><strong>subpeditavi3</strong></span> <span class='ocrx_word' id='word_1_111' title='bbox 429 2092 469 2146; x_wconf 87' lang='lat' dir='ltr'><strong>alii</strong></span> <span class='ocrx_word' id='word_1_112' title='bbox 487 2092 591 2147; x_wconf 86' lang='lat' dir='ltr'><strong>aliunde</strong></span> <span class='ocrx_word' id='word_1_113' title='bbox 608 2113 657 2146; x_wconf 87' lang='lat' dir='ltr'><strong>sn·</strong></span> <span class='ocrx_word' id='word_1_114' title='bbox 705 2090 755 2143; x_wconf 89' lang='lat' dir='ltr'><strong>nisi</strong></span> <span class='ocrx_word' id='word_1_115' title='bbox 767 2090 836 2159; x_wconf 86' lang='lat' dir='ltr'><strong>quod</strong></span> <span class='ocrx_word' id='word_1_116' title='bbox 850 2109 938 2142; x_wconf 83' lang='lat' dir='ltr'><strong>versus</strong></span> <span class='ocrx_word' id='word_1_117' title='bbox 949 2087 991 2142; x_wconf 87' lang='lat' dir='ltr'><strong>bic</strong></span> <span class='ocrx_word' id='word_1_118' title='bbox 1003 2087 1069 2141; x_wconf 90' lang='lat' dir='ltr'><strong>milri</strong></span> <span class='ocrx_word' id='word_1_119' title='bbox 1080 2106 1129 2157; x_wconf 91' lang='lat' dir='ltr'><strong>pro</strong></span> <span class='ocrx_word' id='word_1_120' title='bbox 1140 2086 1215 2142; x_wconf 77' lang='lat' dir='ltr'><strong>Ovi-</strong></span> 
     </span>
     <span class='ocr_line' id='line_1_18' title="bbox 152 2167 1215 2242; baseline -0.005 -17"><span class='ocrx_word' id='word_1_121' title='bbox 152 2183 247 2236; x_wconf 90' lang='lat' dir='ltr'><strong>munt;</strong></span> <span class='ocrx_word' id='word_1_122' title='bbox 272 2174 396 2242; x_wconf 88' lang='lat' dir='ltr'><strong>quoniam</strong></span> <span class='ocrx_word' id='word_1_123' title='bbox 418 2173 570 2227; x_wconf 81' lang='lat' dir='ltr'><strong>calamitatis</strong></span> <span class='ocrx_word' id='word_1_124' title='bbox 593 2192 659 2226; x_wconf 76' lang='lat' dir='ltr'><strong>meae</strong></span> <span class='ocrx_word' id='word_1_125' title='bbox 706 2167 1142 2238; x_wconf 81' lang='lat' dir='ltr'><strong>dianononest‚utnecille‚qui</strong></span> <span class='ocrx_word' id='word_1_126' title='bbox 1154 2187 1215 2221; x_wconf 85' lang='lat' dir='ltr'><strong>mox</strong></span> 
     </span>
     <span class='ocr_line' id='line_1_19' title="bbox 153 2246 1214 2323; baseline -0.003 -21"><span class='ocrx_word' id='word_1_127' title='bbox 153 2270 232 2319; x_wconf 87' lang='lat' dir='ltr'><strong>quam</strong></span> <span class='ocrx_word' id='word_1_128' title='bbox 249 2251 371 2323; x_wconf 86' lang='lat' dir='ltr'><strong>deploro,</strong></span> <span class='ocrx_word' id='word_1_129' title='bbox 389 2253 472 2306; x_wconf 87' lang='lat' dir='ltr'><strong>habeo</strong></span> <span class='ocrx_word' id='word_1_130' title='bbox 490 2262 584 2322; x_wconf 72' lang='lat' dir='ltr'><strong>preter</strong></span> <span class='ocrx_word' id='word_1_131' title='bbox 600 2270 658 2317; x_wconf 93' lang='lat' dir='ltr'><strong>me,</strong></span> <span class='ocrx_word' id='word_1_132' title='bbox 706 2251 832 2319; x_wconf 84' lang='lat' dir='ltr'><strong>sequitur.</strong></span> <span class='ocrx_word' id='word_1_133' title='bbox 851 2249 887 2301; x_wconf 88' lang='lat' dir='ltr'><strong>H.</strong></span> <span class='ocrx_word' id='word_1_134' title='bbox 900 2276 931 2287; x_wconf 91' lang='lat'>-</span> <span class='ocrx_word' id='word_1_135' title='bbox 945 2249 1033 2300; x_wconf 86' lang='lat' dir='ltr'><strong>Versu</strong></span> <span class='ocrx_word' id='word_1_136' title='bbox 1048 2246 1114 2314; x_wconf 88' lang='lat' dir='ltr'><strong>boc,</strong></span> <span class='ocrx_word' id='word_1_137' title='bbox 1132 2251 1214 2315; x_wconf 75' lang='lat' dir='ltr'><strong>qnod,</strong></span> 
     </span>
     <span class='ocr_line' id='line_1_20' title="bbox 154 2323 1215 2395; baseline -0.004 -13"><span class='ocrx_word' id='word_1_138' title='bbox 154 2341 287 2383; x_wconf 87' lang='lat' dir='ltr'><strong>auctorem</strong></span> <span class='ocrx_word' id='word_1_139' title='bbox 300 2331 444 2384; x_wconf 89' lang='lat' dir='ltr'><strong>neminem.</strong></span> <span class='ocrx_word' id='word_1_140' title='bbox 453 2331 541 2384; x_wconf 72' lang='lat' dir='ltr'><strong>Pons.</strong></span> <span class='ocrx_word' id='word_1_141' title='bbox 708 2337 753 2380; x_wconf 90' lang='lat' dir='ltr'><strong>aut</strong></span> <span class='ocrx_word' id='word_1_142' title='bbox 765 2345 901 2395; x_wconf 86' lang='lat' dir='ltr'><strong>perperam</strong></span> <span class='ocrx_word' id='word_1_143' title='bbox 913 2324 965 2378; x_wconf 91' lang='lat' dir='ltr'><strong>buc</strong></span> <span class='ocrx_word' id='word_1_144' title='bbox 973 2325 1105 2394; x_wconf 71' lang='lat' dir='ltr'><strong>irrepsisse</strong></span> <span class='ocrx_word' id='word_1_145' title='bbox 1117 2323 1215 2387; x_wconf 85' lang='lat' dir='ltr'><strong>credo;</strong></span> 
     </span>
    </p>

    <p class='ocr_par' dir='ltr' id='par_1_5' title="bbox 154 2402 1216 2553">
     <span class='ocr_line' id='line_1_21' title="bbox 188 2402 1216 2478; baseline -0.007 -15"><span class='ocrx_word' id='word_1_146' title='bbox 188 2411 433 2477; x_wconf 79' lang='lat' dir='ltr'><strong>11.Caystr1&#39;usalcs.</strong></span> <span class='ocrx_word' id='word_1_147' title='bbox 443 2404 660 2478; x_wconf 81' lang='lat' dir='ltr'><strong>CycnusadCay·</strong></span> <span class='ocrx_word' id='word_1_148' title='bbox 708 2417 752 2456; x_wconf 85' lang='lat' dir='ltr'><strong>aut</strong></span> <span class='ocrx_word' id='word_1_149' title='bbox 760 2422 829 2455; x_wconf 83' lang='lat' dir='ltr'><strong>novo</strong></span> <span class='ocrx_word' id='word_1_150' title='bbox 841 2403 1047 2470; x_wconf 85' lang='lat' dir='ltr'><strong>atqueinusitato</strong></span> <span class='ocrx_word' id='word_1_151' title='bbox 1055 2402 1136 2455; x_wconf 87' lang='lat' dir='ltr'><strong>modo</strong></span> <span class='ocrx_word' id='word_1_152' title='bbox 1146 2442 1154 2468; x_wconf 87' lang='lat'><strong>,</strong></span> <span class='ocrx_word' id='word_1_153' title='bbox 1166 2422 1216 2472; x_wconf 89' lang='lat' dir='ltr'><strong>pro</strong></span> 
     </span>
     <span class='ocr_line' id='line_1_22' title="bbox 154 2479 1216 2553; baseline 0 -22"><span class='ocrx_word' id='word_1_154' title='bbox 154 2499 238 2541; x_wconf 53' lang='lat' dir='ltr'><strong>essum</strong></span> <span class='ocrx_word' id='word_1_155' title='bbox 252 2488 361 2539; x_wconf 74' lang='lat' dir='ltr'><strong>fluvium</strong></span> <span class='ocrx_word' id='word_1_156' title='bbox 372 2485 515 2553; x_wconf 74' lang='lat' dir='ltr'><strong>pervolans.</strong></span> <span class='ocrx_word' id='word_1_157' title='bbox 707 2490 743 2541; x_wconf 76' lang='lat' dir='ltr'><strong>ut,</strong></span> <span class='ocrx_word' id='word_1_158' title='bbox 760 2480 871 2547; x_wconf 89' lang='lat' dir='ltr'><strong>positum</strong></span> <span class='ocrx_word' id='word_1_159' title='bbox 885 2498 939 2531; x_wconf 85' lang='lat' dir='ltr'><strong>esse</strong></span> <span class='ocrx_word' id='word_1_160' title='bbox 948 2519 955 2545; x_wconf 90' lang='lat'><strong>,</strong></span> <span class='ocrx_word' id='word_1_161' title='bbox 965 2479 1105 2532; x_wconf 84' lang='lat' dir='ltr'><strong>dicendum</strong></span> <span class='ocrx_word' id='word_1_162' title='bbox 1118 2490 1165 2536; x_wconf 89' lang='lat' dir='ltr'><strong>est.</strong></span> <span class='ocrx_word' id='word_1_163' title='bbox 1175 2480 1216 2536; x_wconf 88' lang='grc' dir='ltr'><strong>Μ.</strong></span> 
     </span>
    </p>

    <p class='ocr_par' dir='ltr' id='par_1_6' title="bbox 154 2558 1221 3492">
     <span class='ocr_line' id='line_1_23' title="bbox 191 2558 1218 2631; baseline -0.001 -16"><span class='ocrx_word' id='word_1_164' title='bbox 191 2585 227 2615; x_wconf 77' lang='lat'><strong>12.</strong></span> <span class='ocrx_word' id='word_1_165' title='bbox 243 2567 292 2616; x_wconf 79' lang='lat' dir='ltr'><strong>Ore</strong></span> <span class='ocrx_word' id='word_1_166' title='bbox 303 2568 436 2631; x_wconf 65' lang='lat' dir='ltr'><strong>deficiente.</strong></span> <span class='ocrx_word' id='word_1_167' title='bbox 449 2561 596 2615; x_wconf 72' lang='lat' dir='ltr'><strong>Deficiente</strong></span> <span class='ocrx_word' id='word_1_168' title='bbox 609 2562 661 2630; x_wconf 81' lang='lat' dir='ltr'><strong>spi·</strong></span> <span class='ocrx_word' id='word_1_169' title='bbox 745 2559 781 2609; x_wconf 80' lang='lat'><strong>18·</strong></span> <span class='ocrx_word' id='word_1_170' title='bbox 790 2558 941 2622; x_wconf 74' lang='lat' dir='ltr'><strong>Atqueatn&#39;,</strong></span> <span class='ocrx_word' id='word_1_171' title='bbox 951 2577 1051 2624; x_wconf 73' lang='lat' dir='ltr'><strong>qnorum</strong></span> <span class='ocrx_word' id='word_1_172' title='bbox 1057 2562 1218 2610; x_wconf 62' lang='lat' dir='ltr'><strong>nomioma-</strong></span> 
     </span>
     <span class='ocr_line' id='line_1_24' title="bbox 154 2634 1215 2708; baseline -0.008 -11"><span class='ocrx_word' id='word_1_173' title='bbox 154 2645 224 2708; x_wconf 87' lang='lat' dir='ltr'><strong>ritu,</strong></span> <span class='ocrx_word' id='word_1_174' title='bbox 244 2641 284 2694; x_wconf 86' lang='lat' dir='ltr'><strong>vel</strong></span> <span class='ocrx_word' id='word_1_175' title='bbox 299 2641 562 2707; x_wconf 75' lang='lat' dir='ltr'><strong>corpore-Dicitur</strong></span> <span class='ocrx_word' id='word_1_176' title='bbox 576 2642 662 2706; x_wconf 77' lang='lat' dir='ltr'><strong>deflere</strong></span> <span class='ocrx_word' id='word_1_177' title='bbox 705 2653 757 2701; x_wconf 70' lang='lat' dir='ltr'><strong>gna</strong></span> <span class='ocrx_word' id='word_1_178' title='bbox 763 2638 853 2699; x_wconf 70' lang='lat' dir='ltr'><strong>vigent.</strong></span> <span class='ocrx_word' id='word_1_179' title='bbox 866 2634 921 2685; x_wconf 86' lang='lat' dir='ltr'><strong>Pro</strong></span> <span class='ocrx_word' id='word_1_180' title='bbox 932 2654 985 2701; x_wconf 92' lang='lat' dir='ltr'><strong>quo</strong></span> <span class='ocrx_word' id='word_1_181' title='bbox 999 2636 1073 2703; x_wconf 89' lang='lat' dir='ltr'><strong>prim.</strong></span> <span class='ocrx_word' id='word_1_182' title='bbox 1086 2634 1162 2687; x_wconf 85' lang='lat' dir='ltr'><strong>Polit.</strong></span> <span class='ocrx_word' id='word_1_183' title='bbox 1174 2656 1215 2704; x_wconf 91' lang='lat' dir='ltr'><strong>pr.</strong></span> 
     </span>
     <span class='ocr_line' id='line_1_25' title="bbox 156 2709 1216 2784; baseline -0.008 -11"><span class='ocrx_word' id='word_1_184' title='bbox 156 2740 228 2773; x_wconf 84' lang='lat' dir='ltr'><strong>suam</strong></span> <span class='ocrx_word' id='word_1_185' title='bbox 234 2738 324 2771; x_wconf 82' lang='lat' dir='ltr'><strong>necem.</strong></span> <span class='ocrx_word' id='word_1_186' title='bbox 332 2716 541 2784; x_wconf 82' lang='lat' dir='ltr'><strong>Diciturplorare</strong></span> <span class='ocrx_word' id='word_1_187' title='bbox 547 2727 661 2769; x_wconf 85' lang='lat' dir='ltr'><strong>mortem</strong></span> <span class='ocrx_word' id='word_1_188' title='bbox 711 2709 764 2762; x_wconf 85' lang='lat' dir='ltr'><strong>Pal.</strong></span> <span class='ocrx_word' id='word_1_189' title='bbox 775 2730 813 2777; x_wconf 87' lang='lat' dir='ltr'><strong>pr.</strong></span> <span class='ocrx_word' id='word_1_190' title='bbox 822 2711 906 2764; x_wconf 90' lang='lat' dir='ltr'><strong>Vatic.</strong></span> <span class='ocrx_word' id='word_1_191' title='bbox 918 2723 944 2763; x_wconf 89' lang='lat' dir='ltr'><strong>et</strong></span> <span class='ocrx_word' id='word_1_192' title='bbox 953 2725 1065 2779; x_wconf 92' lang='lat' dir='ltr'><strong>quatuor</strong></span> <span class='ocrx_word' id='word_1_193' title='bbox 1074 2709 1114 2764; x_wconf 84' lang='lat' dir='ltr'><strong>alii</strong></span> <span class='ocrx_word' id='word_1_194' title='bbox 1121 2731 1152 2763; x_wconf 83' lang='lat' dir='ltr'><strong>ex</strong></span> <span class='ocrx_word' id='word_1_195' title='bbox 1160 2731 1216 2764; x_wconf 88' lang='lat' dir='ltr'><strong>rne-</strong></span> 
     </span>
     <span class='ocr_line' id='line_1_26' title="bbox 158 2788 1216 2864; baseline -0.009 -12"><span class='ocrx_word' id='word_1_196' title='bbox 158 2795 317 2864; x_wconf 84' lang='lat' dir='ltr'><strong>suam;quo‹l</strong></span> <span class='ocrx_word' id='word_1_197' title='bbox 327 2795 489 2848; x_wconf 87' lang='lat' dir='ltr'><strong>docetctiam</strong></span> <span class='ocrx_word' id='word_1_198' title='bbox 502 2794 661 2861; x_wconf 84' lang='lat' dir='ltr'><strong>Aristoteles,</strong></span> <span class='ocrx_word' id='word_1_199' title='bbox 709 2788 816 2841; x_wconf 75' lang='lat' dir='ltr'><strong>fioribus</strong></span> <span class='ocrx_word' id='word_1_200' title='bbox 824 2788 921 2857; x_wconf 90' lang='lat' dir='ltr'><strong>optime</strong></span> <span class='ocrx_word' id='word_1_201' title='bbox 930 2809 955 2842; x_wconf 74' lang='lat'><strong>;«</strong></span> <span class='ocrx_word' id='word_1_202' title='bbox 964 2789 1216 2859; x_wconf 76' lang='lat' dir='ltr'><strong>Aptior‚ingenium</strong></span> 
     </span>
     <span class='ocr_line' id='line_1_27' title="bbox 157 2868 1218 2939; baseline -0.006 -9"><span class='ocrx_word' id='word_1_203' title='bbox 157 2876 189 2929; x_wconf 84' lang='lat' dir='ltr'><strong>de</strong></span> <span class='ocrx_word' id='word_1_204' title='bbox 199 2877 297 2929; x_wconf 88' lang='lat' dir='ltr'><strong>Natura</strong></span> <span class='ocrx_word' id='word_1_205' title='bbox 304 2872 456 2924; x_wconf 86' lang='lat' dir='ltr'><strong>animalium</strong></span> <span class='ocrx_word' id='word_1_206' title='bbox 465 2873 530 2925; x_wconf 86' lang='lat' dir='ltr'><strong>libro</strong></span> <span class='ocrx_word' id='word_1_207' title='bbox 536 2891 615 2925; x_wconf 93' lang='lat' dir='ltr'><strong>nono.</strong></span> <span class='ocrx_word' id='word_1_208' title='bbox 624 2873 661 2926; x_wconf 85' lang='lat' dir='ltr'><strong>At</strong></span> <span class='ocrx_word' id='word_1_209' title='bbox 710 2886 798 2932; x_wconf 75' lang='lat' dir='ltr'><strong>come,</strong></span> <span class='ocrx_word' id='word_1_210' title='bbox 808 2868 926 2920; x_wconf 78' lang='lat' dir='ltr'><strong>Tibullus</strong></span> <span class='ocrx_word' id='word_1_211' title='bbox 934 2869 990 2921; x_wconf 78' lang='lat' dir='ltr'><strong>erit.</strong></span> <span class='ocrx_word' id='word_1_212' title='bbox 999 2894 1011 2916; x_wconf 85' lang='lat'>»</span> <span class='ocrx_word' id='word_1_213' title='bbox 1022 2870 1091 2939; x_wconf 89' lang='lat' dir='ltr'><strong>Qui,</strong></span> <span class='ocrx_word' id='word_1_214' title='bbox 1100 2868 1164 2938; x_wconf 85' lang='lat' dir='ltr'><strong>quin</strong></span> <span class='ocrx_word' id='word_1_215' title='bbox 1173 2889 1218 2939; x_wconf 75' lang='lat' dir='ltr'><strong>ge-</strong></span> 
     </span>
     <span class='ocr_line' id='line_1_28' title="bbox 158 2948 1219 3020; baseline -0.004 -14"><span class='ocrx_word' id='word_1_216' title='bbox 158 2953 223 3006; x_wconf 86' lang='lat' dir='ltr'><strong>mihi</strong></span> <span class='ocrx_word' id='word_1_217' title='bbox 232 2970 316 3019; x_wconf 89' lang='lat' dir='ltr'><strong>neque</strong></span> <span class='ocrx_word' id='word_1_218' title='bbox 326 2950 381 3003; x_wconf 74' lang='lat' dir='ltr'><strong>atie</strong></span> <span class='ocrx_word' id='word_1_219' title='bbox 391 2969 450 3003; x_wconf 82' lang='lat' dir='ltr'><strong>aves</strong></span> <span class='ocrx_word' id='word_1_220' title='bbox 459 2969 511 3020; x_wconf 78' lang='lat' dir='ltr'><strong>prae</strong></span> <span class='ocrx_word' id='word_1_221' title='bbox 522 2950 610 3004; x_wconf 84' lang='lat' dir='ltr'><strong>dolore</strong></span> <span class='ocrx_word' id='word_1_222' title='bbox 622 2950 663 3003; x_wconf 79' lang='lat' dir='ltr'><strong>vi-</strong></span> <span class='ocrx_word' id='word_1_223' title='bbox 711 2948 808 3000; x_wconf 89' lang='lat' dir='ltr'><strong>nuinus</strong></span> <span class='ocrx_word' id='word_1_224' title='bbox 824 2948 856 3000; x_wconf 87' lang='lat' dir='ltr'><strong>sit</strong></span> <span class='ocrx_word' id='word_1_225' title='bbox 869 2948 946 3017; x_wconf 85' lang='lat' dir='ltr'><strong>ipsius</strong></span> <span class='ocrx_word' id='word_1_226' title='bbox 960 2949 1085 3016; x_wconf 79' lang='lat' dir='ltr'><strong>Nasonis,</strong></span> <span class='ocrx_word' id='word_1_227' title='bbox 1104 2948 1219 3002; x_wconf 82' lang='lat' dir='ltr'><strong>dubitari</strong></span> 
     </span>
     <span class='ocr_line' id='line_1_29' title="bbox 160 3024 1221 3102; baseline 0.002 -19"><span class='ocrx_word' id='word_1_228' title='bbox 160 3029 258 3084; x_wconf 83' lang='lat' dir='ltr'><strong>(lentur</strong></span> <span class='ocrx_word' id='word_1_229' title='bbox 271 3049 385 3095; x_wconf 87' lang='lat' dir='ltr'><strong>canere,</strong></span> <span class='ocrx_word' id='word_1_230' title='bbox 407 3048 492 3098; x_wconf 88' lang='lat' dir='ltr'><strong>neque</strong></span> <span class='ocrx_word' id='word_1_231' title='bbox 513 3024 586 3102; x_wconf 83' lang='lat' dir='ltr'><strong>cycni</strong></span> <span class='ocrx_word' id='word_1_232' title='bbox 598 3049 605 3082; x_wconf 91' lang='lat'>:</span> <span class='ocrx_word' id='word_1_233' title='bbox 617 3028 662 3082; x_wconf 83' lang='lat' dir='ltr'><strong>sed</strong></span> <span class='ocrx_word' id='word_1_234' title='bbox 712 3047 767 3080; x_wconf 93' lang='lat' dir='ltr'><strong>non</strong></span> <span class='ocrx_word' id='word_1_235' title='bbox 780 3038 871 3097; x_wconf 82' lang='lat' dir='ltr'><strong>potest.</strong></span> <span class='ocrx_word' id='word_1_236' title='bbox 880 3029 1003 3082; x_wconf 82' lang='lat' dir='ltr'><strong>AEmilius</strong></span> <span class='ocrx_word' id='word_1_237' title='bbox 1011 3032 1113 3084; x_wconf 89' lang='lat' dir='ltr'><strong>Probus</strong></span> <span class='ocrx_word' id='word_1_238' title='bbox 1119 3031 1146 3082; x_wconf 94' lang='lat' dir='ltr'><strong>in</strong></span> <span class='ocrx_word' id='word_1_239' title='bbox 1155 3030 1221 3085; x_wconf 88' lang='lat' dir='ltr'><strong>Dio·</strong></span> 
     </span>
     <span class='ocr_line' id='line_1_30' title="bbox 162 3107 1220 3179; baseline 0.006 -19"><span class='ocrx_word' id='word_1_240' title='bbox 162 3110 221 3178; x_wconf 84' lang='lat' dir='ltr'><strong>quia</strong></span> <span class='ocrx_word' id='word_1_241' title='bbox 231 3109 329 3162; x_wconf 86' lang='lat' dir='ltr'><strong>Phoebo</strong></span> <span class='ocrx_word' id='word_1_242' title='bbox 339 3108 402 3162; x_wconf 87' lang='lat' dir='ltr'><strong>sacri</strong></span> <span class='ocrx_word' id='word_1_243' title='bbox 412 3118 486 3170; x_wconf 85' lang='lat' dir='ltr'><strong>suut,</strong></span> <span class='ocrx_word' id='word_1_244' title='bbox 500 3117 528 3159; x_wconf 90' lang='lat' dir='ltr'><strong>ut</strong></span> <span class='ocrx_word' id='word_1_245' title='bbox 538 3107 662 3172; x_wconf 84' lang='lat' dir='ltr'><strong>arbitror,</strong></span> <span class='ocrx_word' id='word_1_246' title='bbox 712 3127 780 3160; x_wconf 77' lang='lat' dir='ltr'><strong>nez«</strong></span> <span class='ocrx_word' id='word_1_247' title='bbox 788 3109 859 3162; x_wconf 89' lang='lat' dir='ltr'><strong>Dion</strong></span> <span class='ocrx_word' id='word_1_248' title='bbox 875 3122 975 3170; x_wconf 87' lang='lat' dir='ltr'><strong>autem,</strong></span> <span class='ocrx_word' id='word_1_249' title='bbox 989 3124 1084 3179; x_wconf 81' lang='lat' dir='ltr'><strong>praeter</strong></span> <span class='ocrx_word' id='word_1_250' title='bbox 1101 3112 1220 3168; x_wconf 87' lang='lat' dir='ltr'><strong>nobilem</strong></span> 
     </span>
     <span class='ocr_line' id='line_1_31' title="bbox 160 3183 1221 3259; baseline 0.007 -23"><span class='ocrx_word' id='word_1_251' title='bbox 160 3186 319 3241; x_wconf 86' lang='lat' dir='ltr'><strong>divinatione</strong></span> <span class='ocrx_word' id='word_1_252' title='bbox 332 3186 447 3257; x_wconf 69' lang='lat' dir='ltr'><strong>prediti,</strong></span> <span class='ocrx_word' id='word_1_253' title='bbox 461 3185 616 3254; x_wconf 67' lang='lat' dir='ltr'><strong>presagiunt</strong></span> <span class='ocrx_word' id='word_1_254' title='bbox 627 3183 665 3237; x_wconf 84' lang='lat' dir='ltr'><strong>al-</strong></span> <span class='ocrx_word' id='word_1_255' title='bbox 713 3186 1221 3259; x_wconf 82' lang='lat' dir='ltr'><strong>propinquitatem,generosemquema-</strong></span> 
     </span>
     <span class='ocr_line' id='line_1_32' title="bbox 162 3264 1219 3332; baseline 0.006 -16"><span class='ocrx_word' id='word_1_256' title='bbox 162 3265 242 3318; x_wconf 87' lang='lat' dir='ltr'><strong>terius</strong></span> <span class='ocrx_word' id='word_1_257' title='bbox 255 3266 312 3317; x_wconf 72' lang='lat' dir='ltr'><strong>vitre</strong></span> <span class='ocrx_word' id='word_1_258' title='bbox 324 3267 407 3318; x_wconf 87' lang='lat' dir='ltr'><strong>bona:</strong></span> <span class='ocrx_word' id='word_1_259' title='bbox 416 3264 527 3332; x_wconf 83' lang='lat' dir='ltr'><strong>ideoque</strong></span> <span class='ocrx_word' id='word_1_260' title='bbox 543 3272 663 3330; x_wconf 83' lang='lat' dir='ltr'><strong>cantant,</strong></span> <span class='ocrx_word' id='word_1_261' title='bbox 712 3264 904 3330; x_wconf 80' lang='lat' dir='ltr'><strong>iorumlamam</strong></span> <span class='ocrx_word' id='word_1_262' title='bbox 915 3305 922 3330; x_wconf 92' lang='lat'><strong>,</strong></span> <span class='ocrx_word' id='word_1_263' title='bbox 933 3267 1015 3319; x_wconf 79' lang='lat' dir='ltr'><strong>multe</strong></span> <span class='ocrx_word' id='word_1_264' title='bbox 1025 3268 1073 3322; x_wconf 88' lang='lat' dir='ltr'><strong>alia</strong></span> <span class='ocrx_word' id='word_1_265' title='bbox 1083 3268 1219 3322; x_wconf 79' lang='lat' dir='ltr'><strong>abnatura</strong></span> 
     </span>
     <span class='ocr_line' id='line_1_33' title="bbox 162 3339 1214 3412; baseline 0 -17"><span class='ocrx_word' id='word_1_266' title='bbox 162 3344 320 3410; x_wconf 80' lang='lat' dir='ltr'><strong>alacriusque</strong></span> <span class='ocrx_word' id='word_1_267' title='bbox 339 3346 453 3412; x_wconf 73' lang='lat' dir='ltr'><strong>gestiunt</strong></span> <span class='ocrx_word' id='word_1_268' title='bbox 467 3362 498 3395; x_wconf 90' lang='lat' dir='ltr'><strong>ea</strong></span> <span class='ocrx_word' id='word_1_269' title='bbox 511 3342 566 3408; x_wconf 88' lang='lat' dir='ltr'><strong>die,</strong></span> <span class='ocrx_word' id='word_1_270' title='bbox 586 3360 665 3412; x_wconf 84' lang='lat' dir='ltr'><strong>quam</strong></span> <span class='ocrx_word' id='word_1_271' title='bbox 713 3339 928 3395; x_wconf 81' lang='lat' dir='ltr'><strong>habuis·b0na:in</strong></span> <span class='ocrx_word' id='word_1_272' title='bbox 936 3342 1214 3411; x_wconf 80' lang='lat' dir='ltr'><strong>hisingeniumdocile,</strong></span> 
     </span>
     <span class='ocr_line' id='line_1_34' title="bbox 163 3419 1216 3492; baseline -0.004 -18"><span class='ocrx_word' id='word_1_273' title='bbox 163 3420 288 3489; x_wconf 85' lang='lat' dir='ltr'><strong>superiori</strong></span> <span class='ocrx_word' id='word_1_274' title='bbox 299 3432 424 3486; x_wconf 88' lang='lat' dir='ltr'><strong>tempore.</strong></span> <span class='ocrx_word' id='word_1_275' title='bbox 437 3420 514 3470; x_wconf 71' lang='lat' dir='ltr'><strong>Mn.</strong></span> <span class='ocrx_word' id='word_1_276' title='bbox 713 3440 801 3486; x_wconf 91' lang='lat' dir='ltr'><strong>come,</strong></span> <span class='ocrx_word' id='word_1_277' title='bbox 810 3433 899 3491; x_wconf 89' lang='lat' dir='ltr'><strong>aptum</strong></span> <span class='ocrx_word' id='word_1_278' title='bbox 905 3420 936 3473; x_wconf 86' lang='lat' dir='ltr'><strong>ad</strong></span> <span class='ocrx_word' id='word_1_279' title='bbox 944 3422 1130 3492; x_wconf 80' lang='lat' dir='ltr'><strong>artesoptimss</strong></span> <span class='ocrx_word' id='word_1_280' title='bbox 1138 3440 1151 3463; x_wconf 65' lang='grc' dir='ltr'>υ</span> <span class='ocrx_word' id='word_1_281' title='bbox 1159 3419 1216 3471; x_wconf 88' lang='lat' dir='ltr'><strong>Ta·</strong></span> 
     </span>
    </p>

    <p class='ocr_par' dir='ltr' id='par_1_7' title="bbox 164 3495 1220 3803">
     <span class='ocr_line' id='line_1_35' title="bbox 199 3495 1217 3566; baseline -0.002 -14"><span class='ocrx_word' id='word_1_282' title='bbox 199 3502 235 3564; x_wconf 69' lang='lat'><strong>¹4·</strong></span> <span class='ocrx_word' id='word_1_283' title='bbox 254 3502 291 3551; x_wconf 84' lang='lat' dir='ltr'><strong>Nc</strong></span> <span class='ocrx_word' id='word_1_284' title='bbox 299 3497 389 3564; x_wconf 76' lang='lat' dir='ltr'><strong>sunus.</strong></span> <span class='ocrx_word' id='word_1_285' title='bbox 403 3499 443 3550; x_wconf 92' lang='lat' dir='ltr'><strong>Ne</strong></span> <span class='ocrx_word' id='word_1_286' title='bbox 462 3497 584 3566; x_wconf 84' lang='lat' dir='ltr'><strong>relegatio</strong></span> <span class='ocrx_word' id='word_1_287' title='bbox 599 3520 665 3554; x_wconf 85' lang='lat' dir='ltr'><strong>mea.</strong></span> <span class='ocrx_word' id='word_1_288' title='bbox 713 3497 793 3563; x_wconf 86' lang='lat' dir='ltr'><strong>citus,</strong></span> <span class='ocrx_word' id='word_1_289' title='bbox 808 3498 948 3551; x_wconf 86' lang='lat' dir='ltr'><strong>Annalium</strong></span> <span class='ocrx_word' id='word_1_290' title='bbox 957 3500 995 3551; x_wconf 92' lang='lat' dir='ltr'><strong>Vl</strong></span> <span class='ocrx_word' id='word_1_291' title='bbox 1007 3521 1014 3552; x_wconf 91' lang='grc'>;</span> <span class='ocrx_word' id='word_1_292' title='bbox 1024 3520 1038 3543; x_wconf 71' lang='grc' dir='ltr'>ι</span> <span class='ocrx_word' id='word_1_293' title='bbox 1050 3495 1217 3550; x_wconf 82' lang='lat' dir='ltr'><strong>Artabanum</strong></span> 
     </span>
     <span class='ocr_line' id='line_1_36' title="bbox 164 3575 1217 3648; baseline 0.001 -18"><span class='ocrx_word' id='word_1_294' title='bbox 164 3575 666 3648; x_wconf 70' lang='lat' dir='ltr'><strong>Eatmihs&#39;mcs&#39;thmesilentioprn-</strong></span> <span class='ocrx_word' id='word_1_295' title='bbox 714 3575 1217 3648; x_wconf 75' lang='lat' dir='ltr'><strong>scythasimereduetum,obsevieiam</strong></span> 
     </span>
     <span class='ocr_line' id='line_1_37' title="bbox 165 3652 1218 3723; baseline 0.001 -16"><span class='ocrx_word' id='word_1_296' title='bbox 165 3666 287 3707; x_wconf 86' lang='lat' dir='ltr'><strong>tereatur.</strong></span> <span class='ocrx_word' id='word_1_297' title='bbox 297 3653 360 3718; x_wconf 87' lang='lat' dir='ltr'><strong>Vel,</strong></span> <span class='ocrx_word' id='word_1_298' title='bbox 371 3672 405 3706; x_wconf 90' lang='lat' dir='ltr'><strong>ne</strong></span> <span class='ocrx_word' id='word_1_299' title='bbox 414 3653 485 3721; x_wconf 90' lang='lat' dir='ltr'><strong>quasi</strong></span> <span class='ocrx_word' id='word_1_300' title='bbox 493 3674 597 3709; x_wconf 90' lang='lat' dir='ltr'><strong>summo</strong></span> <span class='ocrx_word' id='word_1_301' title='bbox 605 3675 665 3712; x_wconf 87' lang='lat' dir='ltr'><strong>cum</strong></span> <span class='ocrx_word' id='word_1_302' title='bbox 714 3656 848 3720; x_wconf 76' lang='lat' dir='ltr'><strong>exsecrati,</strong></span> <span class='ocrx_word' id='word_1_303' title='bbox 858 3674 932 3710; x_wconf 88' lang='lat' dir='ltr'><strong>come</strong></span> <span class='ocrx_word' id='word_1_304' title='bbox 944 3653 1066 3707; x_wconf 79' lang='lat' dir='ltr'><strong>Tiridatis</strong></span> <span class='ocrx_word' id='word_1_305' title='bbox 1078 3652 1218 3723; x_wconf 75' lang='lat' dir='ltr'><strong>ingenium</strong></span> 
     </span>
     <span class='ocr_line' id='line_1_38' title="bbox 165 3730 1220 3803; baseline 0.004 -18"><span class='ocrx_word' id='word_1_306' title='bbox 165 3733 266 3786; x_wconf 88' lang='lat' dir='ltr'><strong>silentio</strong></span> <span class='ocrx_word' id='word_1_307' title='bbox 276 3731 346 3785; x_wconf 85' lang='lat' dir='ltr'><strong>diem</strong></span> <span class='ocrx_word' id='word_1_308' title='bbox 360 3749 448 3784; x_wconf 89' lang='lat' dir='ltr'><strong>meum</strong></span> <span class='ocrx_word' id='word_1_309' title='bbox 460 3733 560 3787; x_wconf 88' lang='lat' dir='ltr'><strong>obeam.</strong></span> <span class='ocrx_word' id='word_1_310' title='bbox 572 3734 650 3787; x_wconf 75' lang='lat' dir='ltr'><strong>Mn.</strong></span> <span class='ocrx_word' id='word_1_311' title='bbox 715 3730 848 3787; x_wconf 82' lang='lat' dir='ltr'><strong>Romanas</strong></span> <span class='ocrx_word' id='word_1_312' title='bbox 859 3753 906 3803; x_wconf 90' lang='lat' dir='ltr'><strong>per</strong></span> <span class='ocrx_word' id='word_1_313' title='bbox 917 3742 984 3786; x_wconf 87' lang='lat' dir='ltr'><strong>artes</strong></span> <span class='ocrx_word' id='word_1_314' title='bbox 994 3731 1141 3802; x_wconf 83' lang='lat' dir='ltr'><strong>sperabant</strong></span> <span class='ocrx_word' id='word_1_315' title='bbox 1152 3756 1165 3778; x_wconf 67' lang='lat' dir='ltr'><strong>a</strong></span> <span class='ocrx_word' id='word_1_316' title='bbox 1174 3733 1220 3789; x_wconf 82' lang='lat' dir='ltr'><strong>sie</strong></span> 
     </span>
    </p>

    <p class='ocr_par' dir='ltr' id='par_1_8' title="bbox 166 3810 1219 4194">
     <span class='ocr_line' id='line_1_39' title="bbox 201 3810 1219 3880; baseline 0.004 -18"><span class='ocrx_word' id='word_1_317' title='bbox 201 3811 238 3862; x_wconf 80' lang='grc' dir='ltr'><strong>ιθ.</strong></span> <span class='ocrx_word' id='word_1_318' title='bbox 265 3813 405 3864; x_wconf 76' lang='lat' dir='ltr'><strong>Pramum</strong></span> <span class='ocrx_word' id='word_1_319' title='bbox 427 3831 550 3880; x_wconf 77' lang='lat' dir='ltr'><strong>nunquam</strong></span> <span class='ocrx_word' id='word_1_320' title='bbox 573 3817 667 3879; x_wconf 80' lang='lat' dir='ltr'><strong>scn&#39;pta</strong></span> <span class='ocrx_word' id='word_1_321' title='bbox 714 3816 863 3863; x_wconf 81' lang='lat' dir='ltr'><strong>comisanns</strong></span> <span class='ocrx_word' id='word_1_322' title='bbox 873 3812 900 3864; x_wconf 95' lang='lat' dir='ltr'><strong>in</strong></span> <span class='ocrx_word' id='word_1_323' title='bbox 910 3810 1184 3871; x_wconf 65' lang='lat' dir='ltr'><strong>Fastis3comeiame&#39;ca</strong></span> <span class='ocrx_word' id='word_1_324' title='bbox 1192 3824 1219 3866; x_wconf 90' lang='lat' dir='ltr'><strong>et</strong></span> 
     </span>
     <span class='ocr_line' id='line_1_40' title="bbox 166 3886 1219 3959; baseline 0 -16"><span class='ocrx_word' id='word_1_325' title='bbox 166 3892 232 3959; x_wconf 81' lang='lat' dir='ltr'><strong>qaod</strong></span> <span class='ocrx_word' id='word_1_326' title='bbox 240 3891 371 3956; x_wconf 65' lang='lat' dir='ltr'><strong>estalegat.</strong></span> <span class='ocrx_word' id='word_1_327' title='bbox 385 3887 443 3943; x_wconf 94' lang='lat' dir='ltr'><strong>Non</strong></span> <span class='ocrx_word' id='word_1_328' title='bbox 456 3891 515 3942; x_wconf 88' lang='lat' dir='ltr'><strong>satis</strong></span> <span class='ocrx_word' id='word_1_329' title='bbox 528 3886 666 3941; x_wconf 89' lang='lat' dir='ltr'><strong>Latinum:</strong></span> <span class='ocrx_word' id='word_1_330' title='bbox 715 3887 805 3942; x_wconf 88' lang='lat' dir='ltr'><strong>similia</strong></span> <span class='ocrx_word' id='word_1_331' title='bbox 814 3890 907 3958; x_wconf 86' lang='lat' dir='ltr'><strong>passim</strong></span> <span class='ocrx_word' id='word_1_332' title='bbox 915 3888 982 3958; x_wconf 87' lang='lat' dir='ltr'><strong>apud</strong></span> <span class='ocrx_word' id='word_1_333' title='bbox 992 3889 1127 3944; x_wconf 87' lang='lat' dir='ltr'><strong>Nostrum.</strong></span> <span class='ocrx_word' id='word_1_334' title='bbox 1141 3890 1219 3943; x_wconf 86' lang='lat' dir='ltr'><strong>Cice-</strong></span> 
     </span>
     <span class='ocr_line' id='line_1_41' title="bbox 167 3965 1215 4038; baseline 0.003 -18"><span class='ocrx_word' id='word_1_335' title='bbox 167 3988 213 4036; x_wconf 81' lang='lat' dir='ltr'><strong>pro</strong></span> <span class='ocrx_word' id='word_1_336' title='bbox 221 3986 343 4035; x_wconf 79' lang='lat' dir='ltr'><strong>nunquam</strong></span> <span class='ocrx_word' id='word_1_337' title='bbox 354 3987 390 4036; x_wconf 90' lang='lat' dir='ltr'><strong>pr.</strong></span> <span class='ocrx_word' id='word_1_338' title='bbox 402 3967 517 4019; x_wconf 82' lang='lat' dir='ltr'><strong>Vatican.</strong></span> <span class='ocrx_word' id='word_1_339' title='bbox 529 3984 568 4032; x_wconf 88' lang='lat' dir='ltr'><strong>pr.</strong></span> <span class='ocrx_word' id='word_1_340' title='bbox 577 3965 631 4017; x_wconf 84' lang='lat' dir='ltr'><strong>Pal.</strong></span> <span class='ocrx_word' id='word_1_341' title='bbox 640 3975 666 4017; x_wconf 88' lang='lat' dir='ltr'><strong>et</strong></span> <span class='ocrx_word' id='word_1_342' title='bbox 714 3983 745 4015; x_wconf 91' lang='lat' dir='ltr'><strong>ro</strong></span> <span class='ocrx_word' id='word_1_343' title='bbox 753 3966 780 4016; x_wconf 91' lang='lat' dir='ltr'><strong>in</strong></span> <span class='ocrx_word' id='word_1_344' title='bbox 790 3967 916 4035; x_wconf 88' lang='lat' dir='ltr'><strong>Limone,</strong></span> <span class='ocrx_word' id='word_1_345' title='bbox 929 3968 1033 4038; x_wconf 76' lang='lat' dir='ltr'><strong>Fragm.</strong></span> <span class='ocrx_word' id='word_1_346' title='bbox 1048 3988 1134 4038; x_wconf 86' lang='lat' dir='ltr'><strong>poem·</strong></span> <span class='ocrx_word' id='word_1_347' title='bbox 1148 3988 1161 4012; x_wconf 72' lang='lat'>⁸</span> <span class='ocrx_word' id='word_1_348' title='bbox 1173 3966 1215 4016; x_wconf 85' lang='lat' dir='ltr'><strong>Tu</strong></span> 
     </span>
     <span class='ocr_line' id='line_1_42' title="bbox 168 4039 1213 4116; baseline -0.003 -20"><span class='ocrx_word' id='word_1_349' title='bbox 168 4043 266 4096; x_wconf 83' lang='lat' dir='ltr'><strong>Riclrel.</strong></span> <span class='ocrx_word' id='word_1_350' title='bbox 277 4053 368 4096; x_wconf 73' lang='lat' dir='ltr'><strong>nostra.</strong></span> <span class='ocrx_word' id='word_1_351' title='bbox 377 4040 540 4110; x_wconf 72' lang='lat' dir='ltr'><strong>castigatam</strong></span> <span class='ocrx_word' id='word_1_352' title='bbox 550 4039 667 4108; x_wconf 89' lang='lat' dir='ltr'><strong>aliquan·</strong></span> <span class='ocrx_word' id='word_1_353' title='bbox 715 4062 818 4111; x_wconf 86' lang='lat' dir='ltr'><strong>quoque</strong></span> <span class='ocrx_word' id='word_1_354' title='bbox 830 4085 837 4111; x_wconf 91' lang='lat'><strong>,</strong></span> <span class='ocrx_word' id='word_1_355' title='bbox 857 4048 902 4116; x_wconf 85' lang='lat' dir='ltr'><strong>qui</strong></span> <span class='ocrx_word' id='word_1_356' title='bbox 914 4047 983 4101; x_wconf 70' lang='lat' dir='ltr'><strong>solus</strong></span> <span class='ocrx_word' id='word_1_357' title='bbox 1001 4046 1067 4101; x_wconf 79' lang='lat' dir='ltr'><strong>lecto</strong></span> <span class='ocrx_word' id='word_1_358' title='bbox 1079 4060 1213 4110; x_wconf 73' lang='lat' dir='ltr'><strong>sermone,</strong></span> 
     </span>
     <span class='ocr_line' id='line_1_43' title="bbox 168 4119 1215 4194; baseline -0.011 -16"><span class='ocrx_word' id='word_1_359' title='bbox 168 4122 202 4175; x_wconf 89' lang='lat' dir='ltr'><strong>‹lo</strong></span> <span class='ocrx_word' id='word_1_360' title='bbox 213 4145 219 4177; x_wconf 82' lang='grc' dir='ltr'><strong>ι</strong></span> <span class='ocrx_word' id='word_1_361' title='bbox 232 4145 245 4172; x_wconf 74' lang='lat' dir='ltr'><strong>s</strong></span> <span class='ocrx_word' id='word_1_362' title='bbox 258 4123 414 4178; x_wconf 76' lang='lat' dir='ltr'><strong>Proemoueo</strong></span> <span class='ocrx_word' id='word_1_363' title='bbox 426 4137 562 4188; x_wconf 83' lang='lat' dir='ltr'><strong>nunquam</strong></span> <span class='ocrx_word' id='word_1_364' title='bbox 573 4119 666 4188; x_wconf 81' lang='lat' dir='ltr'><strong>scripta</strong></span> <span class='ocrx_word' id='word_1_365' title='bbox 715 4121 848 4175; x_wconf 85' lang='lat' dir='ltr'><strong>Terenti...</strong></span> <span class='ocrx_word' id='word_1_366' title='bbox 856 4125 993 4194; x_wconf 87' lang='lat' dir='ltr'><strong>Quidquid</strong></span> <span class='ocrx_word' id='word_1_367' title='bbox 999 4123 1192 4189; x_wconf 80' lang='lat' dir='ltr'><strong>oomeloquens.</strong></span> <span class='ocrx_word' id='word_1_368' title='bbox 1200 4141 1215 4166; x_wconf 66' lang='lat' dir='ltr'><strong>s</strong></span> 
     </span>
    </p>
   </div>
   <div class='ocr_carea' id='block_1_4' title="bbox 0 0 1396 4702">
    <p class='ocr_par' dir='ltr' id='par_1_9' title="bbox 0 0 1396 4702">
     <span class='ocr_line' id='line_1_44' title="bbox 0 0 1396 4702; baseline 0 0"><span class='ocrx_word' id='word_1_369' title='bbox 0 0 1396 4702; x_wconf 95' lang='lat' dir='ltr'><strong> </strong></span> 
     </span>
    </p>
   </div>
  </div>
 </body>
</html>
