2722 4702
179 326 242 396 ψ
459 304 498 369 r.
523 303 702 373 0v1n11
728 304 951 376 nssonrs

175 447 288 542 Quum
305 442 391 517 bene
406 442 451 516 sit
468 441 585 517 clausae
601 452 696 517 cavea
712 445 882 521 Pandione
898 465 1000 536 natae,

222 559 348 634 Nititur
363 559 399 630 in
416 557 514 631 silvas
530 555 587 632 illa
602 559 708 637 redire
724 588 813 637 suas.

173 677 341 752 Adsuetus
359 673 444 749 tauri
464 672 587 760 saltus,
603 674 738 751 adsueta
754 675 889 765 leones,

222 796 290 867 Nec
306 792 417 865 lenitas
434 789 510 864 illos
525 791 682 892 impedit,
701 810 794 866 antra
808 809 935 894 petunt.

171 912 223 984 Tu
237 927 360 994 umen,
378 905 480 981 exsilii
497 937 628 982 morsus
645 926 809 1010 epectore
824 926 940 982 nostro

220 1026 387 1099 Fomentis
404 1053 516 1126 speras
534 1024 647 1099 cedere
663 1053 763 1126 posse
781 1025 857 1099 tuis.

172 1145 291 1233 Effice,
309 1175 367 1220 vos
387 1147 509 1247 ipsine
528 1162 592 1218 tam
609 1143 693 1218 mihi
710 1144 784 1216 sitis
802 1141 951 1229 amandi,

220 1262 359 1336 Talibus
375 1278 415 1334 nt
429 1258 532 1334 levius
546 1260 590 1333 sit
605 1260 748 1333 caruisse
764 1256 896 1332 malum.

171 1382 235 1467 At,
252 1397 356 1481 puto,
375 1405 439 1477 qua
455 1376 580 1450 fueram
598 1376 747 1469 genitus,
764 1371 880 1447 tellure
898 1373 1041 1462 carenti,
1094 1468 1097 1474 .

219 1495 259 1566 In
279 1510 387 1565 tamen
402 1490 549 1564 humano
565 1488 706 1583 contigit
724 1515 795 1561 esse
809 1485 895 1559 loco.

86 1675 87 1679 ,
174 1607 279 1683 Orbis
296 1607 331 1678 in
349 1605 482 1679 extremi
498 1606 588 1702 jaceo
605 1603 752 1676 desertus
768 1600 895 1686 arenis,

80 1812 98 1827 Ι,
219 1724 298 1795 Fert
315 1721 373 1794 ubi
391 1737 567 1821 perpetuas
584 1719 704 1792 obruta
721 1735 806 1791 terra
822 1718 936 1790 nives:

137 1876 140 1881 ·
171 1843 249 1917 Non
267 1868 345 1934 ager
360 1839 415 1911 hic
431 1866 585 1939 pomum,
602 1865 673 1910 non
690 1833 801 1910 dulces
818 1835 934 1908 educat
952 1863 1049 1924 uvas3

157 1960 161 1967 ’
184 2002 188 2007 -
219 1960 296 2031 Non
314 1956 428 2030 salices
445 1954 531 2057 ripa,
547 1955 670 2028 robora
685 1970 799 2027 monte
817 1951 933 2025 virent.

170 2074 260 2147 Neve
274 2072 395 2147 fretum
412 2091 498 2147 terra
513 2071 626 2146 laudes
642 2070 763 2166 magis3
779 2097 910 2170 aequora
926 2095 1055 2168 semper

218 2188 403 2265 Venturum
420 2186 531 2287 rabie,
549 2184 679 2259 solibus
698 2186 799 2272 orba,
819 2202 954 2259 tument.

171 2293 391 2404 Quocumque
408 2299 588 2401 adspicias,
606 2299 712 2398 campi
730 2298 857 2372 cultore
875 2314 1037 2384 carentes,
1199 2316 1232 2370 55

169 2497 297 2565 plectitur.
309 2496 338 2547 P.
346 2491 609 2560 -ztrorepetueod
617 2492 676 2545 Sca·
725 2493 768 2546 alii
777 2495 856 2564 probe
865 2516 871 2556 ;
880 2495 929 2547 nisi
939 2515 987 2563 pro
995 2516 1096 2565 qnoque
1105 2497 1188 2551 ureris
1194 2517 1234 2551 re·

168 2572 252 2644 ligeri,
260 2571 346 2624 etdno
357 2567 398 2621 alii
409 2565 521 2622 :rectius
529 2566 676 2622 etimboe.
723 2573 878 2640 ponitque.
887 2572 923 2623 Η,

201 2655 241 2722 39.
257 2653 336 2716 Quum
347 2652 408 2700 bene
420 2656 480 2698 sunt
492 2649 586 2698 ctam
597 2664 677 2702 eam
757 2650 795 2716 43.
813 2648 914 2701 Etrr'lr'r'
920 2669 1024 2704 rnorsns.
1041 2652 1165 2718 werae
1174 2656 1231 2708 he

168 2731 299 2781 Pandione
312 2734 386 2777 nate.
400 2725 456 2776 Sciet
470 2723 586 2792 plerique
601 2732 677 2778 vete-
722 2737 814 2781 tecum
823 2730 950 2781 remordet.
962 2730 988 2780 A
991 2739 1092 2796 pectore
1102 2724 1192 2785 nadre.
1202 2732 1231 2784 B

168 2803 445 2872 res3s1'tllrgentinua,
456 2802 639 2866 Paconianus,
648 2812 675 2855 et
718 2815 817 2874 pectore
829 2825 891 2859 eum
903 2805 1071 2861 melioribus:
1086 2811 1229 2878 procedere

168 2903 237 2936 unus
248 2881 406 2934 Vaticanus:
419 2880 533 2948 optime,
546 2898 595 2932 nec
607 2879 675 2934 banc
723 2904 799 2936 versu
811 2884 929 2953 proximo
940 2904 1008 2938 unus
1018 2886 1158 2941 Vaticanus
1168 2891 1230 2940 oel-

167 2959 267 3032 Micylli
278 2959 455 3028 conjecturam
470 2958 603 3011 Fabricius
616 2958 675 3010 im·
722 2966 781 3023 lere,
796 2982 844 3032 pro
852 2966 958 3030 pellem
971 2973 998 3017 et
1010 2974 1067 3016 tum
1081 2967 1176 3036 Tepro
1192 2968 1231 3021 Te

168 3040 276 3110 probare
286 3037 376 3091 debuit
387 3056 393 3088 ε
405 3035 459 3089 duo
469 3055 500 3088 ex
511 3037 605 3090 nostris
613 3056 673 3091 eum
722 3041 754 3094 sit
764 3041 939 3096 scribendum.
950 3041 988 3093 H.

169 3118 266 3171 Aldina
275 3116 407 3180 editione,
420 3120 674 3184 qnnnrbenesr‘tclan·
755 3120 795 3185 44.
811 3120 905 3172 Cedere.
919 3118 1092 3171 Amoveri.-
1102 3121 1230 3176 F’onrentelr

166 3215 198 3250 sa
207 3201 337 3250 Pandione
347 3203 428 3259 nata,·
444 3214 536 3248 verum
549 3197 673 3265 proxime.
721 3201 780 3248 tuis.
793 3196 927 3248 Remediis
938 3196 990 3248 tuis
1000 3206 1026 3248 et
1037 3197 1229 3253 consolationi-

167 3273 382 3326 H.-Pnndr'one
392 3281 464 3327 nata.
475 3273 514 3325 Ex
526 3274 620 3326 Aldina
631 3274 674 3327 itta
721 3275 776 3328 bus.
790 3302 823 3314 -
833 3279 967 3329 Fornt'tr'bns
984 3275 1107 3328 Francos.
1126 3278 1159 3330 de
1175 3298 1228 3348 quo

168 3346 297 3413 lectione,
312 3347 343 3400 de
357 3350 409 3402 sola
419 3348 564 3402 Philomela
577 3349 673 3401 intelli·
721 3353 897 3423 cogitandum.

168 3425 239 3494 gitur
251 3444 257 3476 :
272 3425 328 3478 boee
339 3427 409 3480 enim
421 3426 447 3477 in
458 3426 526 3480 silvis
537 3426 671 3480 nidificare
753 3429 1225 3503 49.Extremr‘orbe's.Extremiseptem·

168 3502 241 3556 solet.
254 3501 306 3555 Sed
316 3501 378 3571 quid
389 3501 410 3554 si
421 3501 504 3570 legas,
522 3506 601 3569 Quone
613 3508 673 3558 dene
720 3506 812 3560 trionis
823 3517 849 3561 et
859 3518 996 3560 terrarum.
1006 3535 1037 3547 —
1047 3509 1077 3558 Ie
1089 3511 1179 3559 annor.
1190 3506 1224 3559 ln

167 3585 203 3632 sit
214 3582 306 3630 clause
317 3596 394 3632 ennea
405 3580 536 3631 Pandione
545 3589 611 3634 noto
621 3589 672 3636 :ut
720 3584 813 3640 Getico
828 3588 910 3641 litore.

167 3657 200 3711 sit
207 3674 296 3710 sensus
305 3676 311 3709 ε
321 3656 500 3726 Quantumvie
512 3658 579 3714 benc
589 3672 626 3715 est
634 3662 673 3715 lu·
753 3667 792 3716 51.
802 3668 857 3718 Non
864 3668 948 3717 dulces
954 3666 1118 3718 educatores.
1124 3667 1226 3719 Herbns

168 3737 254 3793 seiniae
264 3755 341 3790 cavea
350 3738 468 3804 induce,
478 3738 571 3792 nititur
582 3750 672 3794 tamen
721 3746 862 3814 Argenta
871 3745 944 3799 multi
955 3746 1003 3800 alii.
1013 3747 1048 3799 H.
1056 3746 1156 3816 -Ego
1164 3767 1227 3801 noas

167 3817 236 3870 exire
248 3815 275 3867 in
287 3813 361 3869 silvas
371 3834 428 3869 suas
444 3836 450 3868 ι
463 3818 532 3869 Bene
541 3837 606 3880 esse,
623 3837 671 3891 pro
719 3825 830 3891 retineo,
840 3826 926 3895 eisque
935 3825 1166 3895 meliusepitbeton
1174 3830 1228 3881 del·

167 3895 235 3949 bene
247 3914 275 3949 ac
284 3892 421 3948 commode
429 3893 533 3960 vivere,
547 3899 637 3963 posito.
718 3920 775 3967 ees,
789 3922 867 3971 quam
884 3902 968 3957 herbis
982 3906 1124 3959 convenire
1144 3916 1224 3974 poto:

200 3978 240 4041 4⁰·
255 3975 349 4026 Mtei‘nr
358 3977 385 4024 r'n
395 3975 474 4026 sileas
484 3991 583 4040 queque
593 3979 672 4030 redire
718 3975 776 4029 vide
786 3989 811 4031 et
821 3979 889 4031 infra
899 3978 947 4048 Ep.
957 3981 1012 4036 Vll
1022 4023 1029 4051 ,
1044 3983 1073 4038 13
1082 4023 1089 4051 ,
1105 3995 1131 4038 et
1145 3979 1220 4034 Ttiet.

167 4070 235 4104 suns.
250 4053 300 4104 Illo
315 4053 393 4105 redire
408 4050 518 4121 degent.
536 4059 563 4105 et
579 4049 671 4110 decem
718 4055 776 4121 111,
789 4074 823 4123 x,
838 4078 877 4126 7¹·
892 4058 991 4114 Buten.
