2722 4702
164 393 171 407 ·
223 362 498 433 TRISTIUM
522 367 620 437 LIB.
649 371 728 439 111.
754 368 903 440 ELEG.
930 372 1022 442 x11.
1091 377 1150 462 ‘145

144 502 219 576 Huc
232 500 378 602 aliquem
396 521 485 577 certo
503 503 571 578 vela
589 506 718 582 dedisse
734 511 843 583 Noto:
916 577 917 580 ,

103 619 260 719 Quisquis
275 621 305 692 is
324 637 394 708 est,
411 623 546 696 memori
562 652 726 699 rumorem
743 655 821 702 voce
838 628 971 718 referre,

143 740 189 811 Et
203 736 273 811 fieri
287 735 381 818 sama
397 766 537 838 parsque
557 741 742 842 gradusque
756 759 888 843 potest:

102 853 148 941 Is,
164 880 296 954 precor,
313 852 443 928 auditos
460 854 567 953 possit
581 880 711 930 nauare
728 856 916 957 triumphos
1077 934 1083 939 ,
1120 882 1153 951 45

21 963 25 979 ⁸
151 969 303 1056 Caesaris3
317 987 350 1044 et
365 971 463 1043 Latio
480 970 607 1043 reddita
623 988 700 1044 vota
715 973 792 1043 Jovi
807 1001 815 1042 ι

104 1084 230 1184 Teque,
249 1084 454 1172 rebellatrix,
472 1086 620 1172 tandem,
641 1086 831 1173 Germania,
850 1085 960 1180 magni

148 1199 257 1274 Triste
272 1218 369 1302 eaput
385 1201 529 1302 pedibus
546 1200 763 1301 subposuisse
776 1198 879 1273 ducis'.

64 1398 68 1405 .
104 1311 176 1388 Haec
193 1315 278 1388 mihi
295 1345 351 1416 qm
339 1315 498 1404 reseret,
519 1345 591 1417 quae
606 1345 677 1388 non
693 1315 812 1389 vidisse
829 1315 971 1407 dolebo,

146 1432 207 1508 llle
224 1462 302 1508 meae
320 1434 430 1508 domni
446 1435 600 1535 protinus
616 1434 738 1532 hospes
753 1431 823 1506 erit.
1109 1457 1163 1510 so·

106 1547 175 1623 Heu
191 1547 289 1622 mihi!
303 1548 409 1647 jamne
424 1548 544 1621 domus
558 1545 713 1646 Scythico
730 1545 872 1620 Nasonis
888 1545 923 1617 in
939 1546 1043 1622 orbe?

148 1666 287 1762 Jamque
304 1692 399 1737 snum
417 1663 499 1736 mihi
517 1662 573 1735 dat
588 1689 651 1760 pro
668 1663 751 1732 Lare
766 1686 863 1759 poena
879 1657 1017 1733 locum?
1126 1691 1129 1695 ·

103 1780 299 1863 liifaciant,
319 1782 424 1853 Cesar
439 1809 509 1852 non
529 1780 583 1851 hic
599 1775 765 1877 penetrale
782 1775 999 1879 domumque,

153 1894 347 1991 Hospitium
362 1921 463 1991 poenae
478 1894 532 1968 sed
549 1891 629 1965 velit
646 1919 715 1965 esse
729 1917 817 1964 meae.

105 2066 153 2138 pti
158 2065 377 2136 Superioriversu
383 2083 443 2133 ,pro
451 2068 605 2119 Grecaunus
653 2061 739 2116 redire
753 2061 855 2132 ,idque
873 2080 900 2116 se
918 2081 949 2116 ex
966 2036 1052 2162 aliquo
1067 2064 1158 2119 audire

104 2146 300 2211 Isaticumata
312 2143 379 2213 Lege
391 2143 544 2196 Graiaooce.
552 2142 587 2198 H.
653 2159 734 2209 posse
748 2100 825 2192 lien.

135 2227 175 2291 44.
189 2221 374 2291 Etfimsm
381 2239 491 2289 parsque
503 2223 608 2288 μαίωσ-
688 2222 725 2269 52.
732 2217 915 2283 Jamquesum
923 2219 1160 2284 mihrdotprohm

102 2310 245 2370 praepetes!
258 2298 342 2367 Quasi
355 2297 442 2351 dieat:
456 2296 606 2351 Rumorilie
647 2295 1106 2373 paralocamilamaescribendun:
1099 2317 1160 2368 ,pro

103 2378 196 2448 potent
204 2376 236 2428 ad
245 2386 348 2444 partem
358 2374 485 2444 aliquam,
493 2392 539 2428 seu
547 2389 606 2443 gra-
649 2372 900 2439 panamuttiima
912 2373 1159 2445 Versurstitpeetur.

106 2453 168 2506 dum
182 2454 295 2508 veritatis
307 2453 453 2522 pervenire.
654 2449 1161 2521 H.-Forteacripserit0ridiur,larme

137 2534 175 2601 lp.
185 2534 273 2600 Teqre,
282 2535 438 2594 rebellatrix,
447 2532 553 2585 tardem.
561 2528 604 2582 De
654 2551 740 2584 aarum
747 2533 812 2584 mt'be'
815 2534 1054 2601 datprolmpaeaa
1054 2532 1162 2601 soem?

106 2608 209 2662 Tiberio
221 2610 334 2679 intellige
347 2608 481 2676 hocloco,
500 2627 555 2661 non
571 2606 604 2659 de
654 2609 737 2660 locus
744 2619 769 2662 et
769 2609 847 2677 fiacus
854 2611 948 2681 passim
959 2616 1157 2680 permutantur:

105 2686 198 2742 Druso.
209 2689 278 2742 Nam
288 2687 390 2740 Drusus
400 2687 453 2753 iam
465 2687 550 2738 multo
560 2705 607 2738 an·
648 2684 819 2751 socusantem
832 2699 871 2742 est
881 2688 952 2745 idem
959 2688 1030 2758 quod
1040 2709 1101 2742 mox
1106 2710 1159 2756 pe-

106 2777 148 2831 te,
167 2766 237 2835 lapsu
253 2764 330 2832 equi,
346 2764 467 2834 perierat.
484 2763 607 2817 Tiberius
655 2770 754 2820 aetrale.
773 2771 858 2822 Nom
874 2776 902 2822 et
918 2786 979 2822 sm
996 2768 1076 2821 etiarn
1092 2785 1160 2836 sepe

106 2856 213 2909 autem,
232 2842 315 2894 occiso
324 2843 399 2910 paulo
407 2851 466 2894 ante
477 2839 608 2909 Quintilio
655 2843 769 2897 consina.

106 2922 199 2988 Varo,
219 2920 250 2972 in
266 2917 435 2977 &ruriam
451 2918 545 2971 missua
559 2917 633 2979 hoe..
654 2962 660 2969 .
690 2921 730 2973 53.
740 2919 903 2987 Bisada!
910 2922 1000 2974 Cesar.
1010 2923 1067 2973 Hoc
1076 2919 1162 2972 Cesar

107 3010 229 3066 tempore
245 2993 312 3061 luit,
324 3008 352 3052 ut
364 2995 467 3054 cladem
480 3003 620 3063 acceptaris¹
633 3026 641 3057 ·.
655 2995 874 3053 Zalichernianur.
894 2995 962 3066 Lege
981 2999 1113 3065 Dtsaate
1127 3013 1160 3064 ⁰3

108 3075 296 3139 ulcisceretur,
308 3071 528 3131 etGermanosin
541 3070 611 3127 ordi·
656 3075 706 3128 nisi
715 3070 1003 3138 malisBlsrcr'aatcum
1013 3073 1092 3125 tribus
1101 3074 1162 3127 scri

110 3171 178 3207 nem
201 3113 335 3221 redigeiet
356 3153 435 3206 Hunc
455 3169 519 3221 ergo
540 3161 610 3219 optat
654 3154 721 3223 ptis·
729 3150 1160 3220 da'cperetraleprodocetiamqui-

109 3240 205 3302 poeta,
218 3229 334 3296 devicta,
352 3229 462 3300 utipse
455 3229 508 3292 ait,
522 3227 609 3281 rebel·
658 3229 726 3283 dam.
741 3230 777 3281 H.
783 3230 1159 3299 -Nonvelithocessepere-

75 3308 80 3314 ’
107 3308 200 3362 latrice
218 3269 381 3373 Germania,
399 3326 459 3361 curn
478 3267 612 3374 triumpho
657 3312 728 3362 trale.
741 3307 801 3363 Non
810 3301 874 3361 velit
883 3304 951 3360 hanc
961 3323 1014 3360 este
1026 3305 1141 3361 domum

518 3603 751 3632 nvn-n·-
