2722 4702
180 362 247 433 266
447 364 485 427 P.
518 363 702 430 OVIDII
735 361 963 432 NASONIS

228 505 355 604 Perque
372 530 488 576 manns
500 502 600 601 hujus
615 502 735 577 tradita
752 504 860 599 gentis
876 523 937 578 eat.

180 622 226 697 At
244 640 279 696 tn
299 640 364 695 tam
379 619 528 722 placido,
548 649 646 721 quam
665 648 729 695 nos
745 649 879 722 quoque
897 620 1058 697 sensimus
1073 619 1187 715 illum,

227 737 345 811 Judice
360 766 422 839 pro
440 736 590 837 lacrymis
607 765 665 810 ora
682 733 807 810 resolve
822 737 915 810 meis.

181 855 258 926 Non
272 852 394 954 petito,
412 871 451 926 ut
465 853 550 927 bene
568 851 628 940 sit,
648 852 706 926 sed
721 853 770 926 uti
788 851 872 927 male
889 853 1013 942 tutins3
1027 871 1134 957 utque
1198 879 1246 930 105

230 970 390 1045 Exsilium
404 999 488 1044 saevo
506 969 607 1043 distet
621 969 663 1042 ab
679 971 777 1043 hoste
793 996 925 1042 meum:

184 1087 357 1189 Quamque
376 1086 492 1160 dedere
508 1085 589 1159 mihi
605 1087 778 1186 praeseutia
794 1084 1060 1174 nummarium,

231 1209 310 1280 Non
327 1206 449 1280 adimat
464 1205 579 1280 stricto
596 1202 778 1305 squallidus
796 1231 872 1278 ense
889 1203 997 1277 Getes.

183 1322 356 1422 Denique,
373 1322 402 1395 si
420 1321 556 1408 moriar,
575 1320 716 1394 subeant
731 1321 877 1423 pacatius
894 1349 1008 1394 arvum

175 1519 177 1523 ,
235 1439 342 1525 Ossa,
359 1466 420 1510 nec
436 1466 453 1511 a
472 1437 624 1538 Scythica
639 1456 753 1512 nostra
768 1455 960 1538 premantur
975 1437 1099 1510 humo:
1199 1471 1246 1506 ιω

185 1552 254 1623 Nec
269 1550 352 1623 male
369 1551 591 1650 compositos,
607 1568 647 1623 nt
664 1548 788 1624 scilicet
802 1549 914 1624 exsule
931 1549 1084 1646 dignum,

232 1662 376 1736 Bistonii
392 1663 516 1738 cineres
534 1663 657 1758 ungula
672 1662 783 1763 pulset
800 1663 898 1762 equi:

74 1814 77 1819 ·
185 1777 231 1846 Et
246 1801 306 1861 ne,
326 1775 353 1847 si
370 1793 520 1875 superest
535 1774 661 1876 aliquid
676 1794 756 1877 pust
770 1775 886 1850 lunera
902 1805 1036 1866 sensus,

234 1892 370 1964 Terreat
386 1892 441 1966 hic
456 1921 568 1968 manes
583 1895 741 1968 Sarmatis
758 1894 876 1966 umbra
891 1920 992 1968 meos.

186 2000 410 2093 Cesarishssaec
426 2011 571 2086 animum
587 2010 869 2113 poterantandita
882 2038 1031 2101 morere,
1205 2030 1251 2082 ns

234 2124 400 2218 llltxgime3
417 2131 599 2204 movissent
614 2130 643 2202 si
661 2147 768 2204 tamen
784 2147 860 2203 ante
878 2147 980 2204 tuum.

189 2244 281 2332 Vox,
300 2234 433 2349 pietur,
452 2247 620 2343 Augustas
634 2275 696 2349 pro
713 2276 765 2321 me
783 2262 839 2320 tua
856 2244 985 2319 molliat
999 2271 1113 2332 aures,

239 2358 375 2431 Auxilio
386 2359 530 2467 'trepidis
550 2388 623 2461 qnae
641 2359 726 2432 solet
741 2388 810 2433 esse
827 2359 914 2433 reis:

189 2471 404 2573 Adsuetaque
421 2472 607 2546 ttbiuona
624 2472 795 2548 dulcedine
811 2472 931 2567 lingue

238 2587 406 2688 AEqnandi
422 2586 559 2686 Superis
575 2605 710 2688 pectora
726 2587 905 2666 llec'le'tiri.
1058 2601 1082 2615 ·’
1206 2624 1255 2658 120

225 2791 280 2856 ¹⁰4·
301 2789 354 2841 Ora
364 2788 465 2840 resolve.
477 2782 533 2839 Ora
544 2784 631 2855 aperi,
647 2803 696 2854 pro
780 2784 1024 2853 rrnBr'sronr'ieqni.
1032 2785 1100 2854 Equi
1111 2783 1250 2850 Getarum,

191 2888 233 2922 me
243 2870 392 2936 Augustum
401 2863 509 2916 orando.
744 2865 884 2920 Thraciam
898 2863 1077 2919 incolentium
1098 2866 1144 2919 Est
1160 2874 1252 2919 autem

228 2949 282 2998 105.
295 2946 353 2997 Non
360 2947 426 3012 petit
435 2952 463 2994 ut
475 2945 535 2994 bene
545 2945 593 3004 sit,
608 2942 701 2994 sedati
745 2946 889 2998 Br'stonr'um
899 2954 1019 3012 stagnum
1031 2943 1058 2995 in
1068 2939 1187 2998 Thracia.

190 3029 256 3078 male
263 3029 348 3077 tutans.
356 3025 475 3088 Nonpete
483 3023 551 3089 quod
556 3021 698 3073 Puteanus.
782 3023 836 3074 113.
847 3024 875 3076 Si
885 3031 997 3090 superest
1005 3026 1100 3090 aliquis
1112 3040 1209 3075 sensus.
1223 3018 1264 3088 Si

191 3105 270 3158 Unus
278 3105 556 3170 VaticanusNonpetit.
565 3100 635 3170 Lege
642 3101 698 3155 Nou
745 3111 863 3169 superest
873 3100 962 3154 anima
978 3110 1036 3169 post
1052 3110 1175 3152 mortem.
1183 3098 1251 3154 Ant·

187 3186 266 3247 petalo
274 3189 303 3235 ut
309 3186 370 3235 bene
379 3185 428 3242 sit,
441 3179 482 3232 vel
490 3181 632 3245 Nonpete'to
639 3180 699 3230 bene
746 3196 817 3230 marn
827 3188 914 3230 autem
923 3177 1109 3247 sempiternam
1118 3195 1189 3243 esse,
1199 3175 1254 3245 pri-

191 3262 233 3308 sit.
249 3257 380 3326 Scaliger,
392 3261 460 3311 Nm
469 3263 527 3321 pete
538 3263 567 3306 u!
579 3257 640 3307 bene
649 3256 697 3317 51'15
747 3276 805 3310 mus
820 3258 941 3310 omniurn
956 3256 1019 3309 dixit
1030 3255 1197 3325 Pherecydes
1205 3255 1254 3326 Sy·

193 3335 272 3388 etiam
283 3353 338 3388 non
349 3335 426 3388 male.
436 3335 473 3387 H.
482 3362 516 3373 -
525 3332 577 3385 sed
586 3335 626 3383 uti
634 3331 700 3382 male
747 3355 805 3402 rus,
816 3345 845 3387 ut
854 3345 892 3390 est
900 3344 990 3387 auctor
1000 3332 1055 3388 Cic.
1064 3334 1091 3386 in
1101 3333 1141 3385 lib.
1152 3334 1164 3384 1
1174 3332 1253 3387 Tusc.

192 3419 276 3465 tutius.
288 3412 342 3466 Sed
352 3413 434 3483 petito
442 3422 471 3464 ut
478 3409 592 3464 exsulem
602 3409 629 3460 in
642 3406 698 3461 loeo
746 3425 834 3483 qum
842 3417 981 3481 -Ala'qur's
987 3413 1142 3479 postsunera
1152 3427 1250 3460 sensns.

193 3490 274 3558 magis
293 3500 368 3554 tuto;
388 3488 457 3557 quud
474 3485 587 3558 apertius
607 3495 634 3539 et
652 3504 699 3539 sc·
746 3495 950 3561 Alrpuidsrusus
961 3509 1021 3543 rum
1035 3485 1252 3555 Argentoratensi

194 3567 285 3635 quenti
296 3564 411 3619 carmine
423 3562 527 3617 indicat.
747 3581 773 3623 er
782 3567 1019 3622 unovatimiclib.
1029 3566 1065 3630 ΙΙ,
1074 3579 1105 3628 ιι,
1119 3580 1181 3615 roo:
1192 3584 1207 3608 ι
1221 3563 1252 3618 Si

230 3645 282 3696 108.
294 3645 438 3711 squallidus
451 3645 534 3696 Getes.
548 3639 629 3695 Getes
642 3641 699 3695 im·
747 3647 809 3715 qnid
827 3647 905 3700 habet
918 3663 1006 3700 sensus
1017 3641 1109 3695 umbra
1122 3640 1253 3694 diserta.»

196 3724 325 3790 mundus,
338 3715 475 3791 horridus,
487 3733 514 3776 et
524 3722 649 3790 imperas.
784 3730 837 3791 ¹¹4·
853 3728 955 3778 Terreat
967 3733 996 3777 ut
1007 3739 1101 3775 mnes.
1119 3720 1254 3774 Etmanes

231 3824 285 3878 ¹⁰9·
297 3806 402 3858 Subeanr
410 3808 530 3870 pacatius
539 3822 631 3857 arvum.
642 3802 701 3855 Ma-
747 3804 864 3873 plerique
873 3815 972 3858 veteres
983 3823 990 3865 a
1001 3801 1056 3855 duo
1067 3803 1207 3865 Terruerr’u
1217 3812 1253 3855 tn·

197 3887 243 3940 lim
254 3888 360 3938 subeant
367 3901 427 3935 eum
437 3901 493 3935 uno
505 3879 660 3947 narniensi,
670 3888 699 3932 ut
746 3881 829 3934 tidem
843 3883 1004 3946 Terreatkr'c,·
1020 3879 1090 3950 quud
1102 3899 1206 3948 sequor.
1217 3879 1253 3933 Η.

197 3965 229 4020 ad
241 3983 300 4018 ossa
311 3962 447 4016 celeratur.
457 3963 493 4015 H.
783 3962 1105 4015 necennensium
1112 3969 1251 4012 antelm-

234 4063 287 4094 ιιι.
297 4040 367 4093 Male
374 4043 522 4109 compositos
531 4041 632 4093 reiteres.
638 4035 701 4092 Ma·
747 4037 777 4090 si
788 4049 895 4103 tamen,
907 4057 924 4090 ο
937 4038 1068 4105 Maxime,
1082 4057 1113 4090 ea
1125 4033 1251 4089 flexissent

197 4119 221 4175 le
238 4121 358 4193 sepultus.
748 4124 824 4167 antea
835 4125 954 4169 mentem
967 4128 1052 4180 suarna
1065 4107 1188 4169 chtius
1197 4145 1206 4175 ,
1215 4126 1251 4161 vs.
