<?xml version="1.0" encoding="UTF-8"?>
<!DOCTYPE html PUBLIC "-//W3C//DTD XHTML 1.0 Transitional//EN"
    "http://www.w3.org/TR/xhtml1/DTD/xhtml1-transitional.dtd">
<html xmlns="http://www.w3.org/1999/xhtml" xml:lang="en" lang="en">
 <head>
  <title>
</title>
<meta http-equiv="Content-Type" content="text/html;charset=utf-8" />
  <meta name='ocr-system' content='tesseract 3.04.00' />
  <meta name='ocr-capabilities' content='ocr_page ocr_carea ocr_par ocr_line ocrx_word'/>
</head>
<body>
  <div class='ocr_page' id='page_1' title='image "./publiiovidiinas04massgoog/publiiovidiinas04massgoog_0502.png"; bbox 0 0 2722 4702; ppageno 0'>
   <div class='ocr_carea' id='block_1_1' title="bbox 198 330 1001 431">
    <p class='ocr_par' dir='ltr' id='par_1_1' title="bbox 198 330 1001 431">
     <span class='ocr_line' id='line_1_1' title="bbox 198 330 1001 431; baseline -0.006 -24"><span class='ocrx_word' id='word_1_1' title='bbox 198 338 265 431; x_wconf 63' lang='lat'>494</span> <span class='ocrx_word' id='word_1_2' title='bbox 451 331 653 400; x_wconf 81' lang='lat' dir='ltr'>PETRUS</span> <span class='ocrx_word' id='word_1_3' title='bbox 677 330 1001 403; x_wconf 80' lang='lat' dir='ltr'><strong>BURMANNUS</strong></span> 
     </span>
    </p>
   </div>
   <div class='ocr_carea' id='block_1_2' title="bbox 124 472 1347 4154">
    <p class='ocr_par' dir='ltr' id='par_1_2' title="bbox 124 472 1347 4154">
     <span class='ocr_line' id='line_1_2' title="bbox 198 472 1177 575; baseline 0.006 -25"><span class='ocrx_word' id='word_1_4' title='bbox 198 479 283 575; x_wconf 82' lang='lat' dir='ltr'>Qua</span> <span class='ocrx_word' id='word_1_5' title='bbox 299 492 395 569; x_wconf 81' lang='lat' dir='ltr'>negat</span> <span class='ocrx_word' id='word_1_6' title='bbox 410 473 597 567; x_wconf 74' lang='lat' dir='ltr'>ingenium,</span> <span class='ocrx_word' id='word_1_7' title='bbox 614 472 699 545; x_wconf 86' lang='lat' dir='ltr'>bona</span> <span class='ocrx_word' id='word_1_8' title='bbox 718 473 860 545; x_wconf 84' lang='lat' dir='ltr'>carmina</span> <span class='ocrx_word' id='word_1_9' title='bbox 877 500 975 549; x_wconf 86' lang='lat' dir='ltr'>causa</span> <span class='ocrx_word' id='word_1_10' title='bbox 991 475 1177 570; x_wconf 86' lang='lat' dir='ltr'>ministret,</span> 
     </span>
     <span class='ocr_line' id='line_1_3' title="bbox 246 586 1010 688; baseline 0.004 -26"><span class='ocrx_word' id='word_1_11' title='bbox 246 594 411 688; x_wconf 75' lang='lat' dir='ltr'>Armaque</span> <span class='ocrx_word' id='word_1_12' title='bbox 429 616 490 687; x_wconf 94' lang='lat' dir='ltr'>pro</span> <span class='ocrx_word' id='word_1_13' title='bbox 510 587 627 660; x_wconf 87' lang='lat' dir='ltr'>misero</span> <span class='ocrx_word' id='word_1_14' title='bbox 643 587 700 661; x_wconf 89' lang='lat' dir='ltr'>det</span> <span class='ocrx_word' id='word_1_15' title='bbox 716 586 796 660; x_wconf 90' lang='lat' dir='ltr'>mibi</span> <span class='ocrx_word' id='word_1_16' title='bbox 814 604 887 663; x_wconf 87' lang='lat' dir='ltr'>vate</span> <span class='ocrx_word' id='word_1_17' title='bbox 902 590 1010 665; x_wconf 90' lang='lat' dir='ltr'>dolor.</span> 
     </span>
     <span class='ocr_line' id='line_1_4' title="bbox 197 703 948 807; baseline 0 -27"><span class='ocrx_word' id='word_1_18' title='bbox 197 707 307 781; x_wconf 77' lang='lat' dir='ltr'>Caesar</span> <span class='ocrx_word' id='word_1_19' title='bbox 322 705 502 778; x_wconf 89' lang='lat' dir='ltr'>inhumano</span> <span class='ocrx_word' id='word_1_20' title='bbox 520 703 672 777; x_wconf 82' lang='lat' dir='ltr'>Busiride</span> <span class='ocrx_word' id='word_1_21' title='bbox 689 706 822 790; x_wconf 68' lang='lat' dir='ltr'>serior,</span> <span class='ocrx_word' id='word_1_22' title='bbox 843 723 875 780; x_wconf 86' lang='lat' dir='ltr'>et</span> <span class='ocrx_word' id='word_1_23' title='bbox 893 706 948 807; x_wconf 88' lang='lat' dir='ltr'>qui</span> 
     </span>
     <span class='ocr_line' id='line_1_5' title="bbox 246 816 852 912; baseline 0.002 -21"><span class='ocrx_word' id='word_1_24' title='bbox 246 821 411 891; x_wconf 84' lang='lat' dir='ltr'><strong>Innocuos</strong></span> <span class='ocrx_word' id='word_1_25' title='bbox 426 816 516 889; x_wconf 86' lang='lat' dir='ltr'>lento</span> <span class='ocrx_word' id='word_1_26' title='bbox 533 816 654 890; x_wconf 82' lang='lat' dir='ltr'>torruit</span> <span class='ocrx_word' id='word_1_27' title='bbox 668 818 745 912; x_wconf 77' lang='lat' dir='ltr'>igne</span> <span class='ocrx_word' id='word_1_28' title='bbox 759 846 852 906; x_wconf 81' lang='lat' dir='ltr'>reos,</span> 
     </span>
     <span class='ocr_line' id='line_1_6' title="bbox 197 931 1064 1035; baseline 0.001 -26"><span class='ocrx_word' id='word_1_29' title='bbox 197 939 287 1011; x_wconf 85' lang='lat' dir='ltr'>Tene</span> <span class='ocrx_word' id='word_1_30' title='bbox 302 951 428 1035; x_wconf 89' lang='lat' dir='ltr'>patrem</span> <span class='ocrx_word' id='word_1_31' title='bbox 448 931 577 1034; x_wconf 80' lang='lat' dir='ltr'>patriae,</span> <span class='ocrx_word' id='word_1_32' title='bbox 597 951 860 1033; x_wconf 72' lang='lat' dir='ltr'><strong>servatoremque</strong></span> <span class='ocrx_word' id='word_1_33' title='bbox 877 934 1064 1031; x_wconf 85' lang='lat' dir='ltr'>Quiritum,</span> 
     </span>
     <span class='ocr_line' id='line_1_7' title="bbox 246 1048 857 1125; baseline -0.003 0"><span class='ocrx_word' id='word_1_34' title='bbox 246 1053 340 1125; x_wconf 81' lang='lat' dir='ltr'>Dixit</span> <span class='ocrx_word' id='word_1_35' title='bbox 357 1049 503 1123; x_wconf 80' lang='lat' dir='ltr'>aduianti</span> <span class='ocrx_word' id='word_1_36' title='bbox 518 1048 619 1123; x_wconf 85' lang='lat' dir='ltr'>Curia</span> <span class='ocrx_word' id='word_1_37' title='bbox 635 1077 725 1123; x_wconf 86' lang='lat' dir='ltr'>serra</span> <span class='ocrx_word' id='word_1_38' title='bbox 743 1078 826 1123; x_wconf 84' lang='lat' dir='ltr'>sono</span> <span class='ocrx_word' id='word_1_39' title='bbox 841 1053 857 1123; x_wconf 63' lang='grc' dir='ltr'><strong><em>ἓ</em></strong></span> 
     </span>
     <span class='ocr_line' id='line_1_8' title="bbox 200 1164 997 1270; baseline -0.001 -28"><span class='ocrx_word' id='word_1_40' title='bbox 200 1170 236 1242; x_wconf 90' lang='lat' dir='ltr'>si</span> <span class='ocrx_word' id='word_1_41' title='bbox 254 1166 381 1270; x_wconf 88' lang='lat' dir='ltr'>pudor,</span> <span class='ocrx_word' id='word_1_42' title='bbox 398 1165 549 1239; x_wconf 78' lang='lat' dir='ltr'>Actiacas</span> <span class='ocrx_word' id='word_1_43' title='bbox 567 1167 607 1240; x_wconf 92' lang='lat' dir='ltr'>de</span> <span class='ocrx_word' id='word_1_44' title='bbox 621 1165 736 1240; x_wconf 87' lang='lat' dir='ltr'>limine</span> <span class='ocrx_word' id='word_1_45' title='bbox 752 1165 852 1265; x_wconf 81' lang='lat' dir='ltr'>dejice</span> <span class='ocrx_word' id='word_1_46' title='bbox 869 1164 997 1255; x_wconf 85' lang='lat' dir='ltr'>lauros,</span> 
     </span>
     <span class='ocr_line' id='line_1_9' title="bbox 249 1280 893 1383; baseline -0.003 -26"><span class='ocrx_word' id='word_1_47' title='bbox 249 1282 411 1383; x_wconf 83' lang='lat' dir='ltr'>Civiiique</span> <span class='ocrx_word' id='word_1_48' title='bbox 430 1298 538 1354; x_wconf 84' lang='lat' dir='ltr'>truces</span> <span class='ocrx_word' id='word_1_49' title='bbox 555 1282 644 1376; x_wconf 79' lang='lat' dir='ltr'>tinge</span> <span class='ocrx_word' id='word_1_50' title='bbox 662 1308 778 1356; x_wconf 81' lang='lat' dir='ltr'>cruore</span> <span class='ocrx_word' id='word_1_51' title='bbox 794 1280 893 1356; x_wconf 85' lang='lat' dir='ltr'>sores.</span> 
     </span>
     <span class='ocr_line' id='line_1_10' title="bbox 125 1388 948 1494; baseline 0 -23"><span class='ocrx_word' id='word_1_52' title='bbox 125 1388 136 1409; x_wconf 71' lang='lat'>⁸</span> <span class='ocrx_word' id='word_1_53' title='bbox 200 1397 370 1494; x_wconf 86' lang='lat' dir='ltr'>Quercea,</span> <span class='ocrx_word' id='word_1_54' title='bbox 388 1413 534 1469; x_wconf 85' lang='lat' dir='ltr'>serratos</span> <span class='ocrx_word' id='word_1_55' title='bbox 550 1397 638 1471; x_wconf 85' lang='lat' dir='ltr'>eires</span> <span class='ocrx_word' id='word_1_56' title='bbox 653 1397 808 1483; x_wconf 84' lang='lat' dir='ltr'>mentita,</span> <span class='ocrx_word' id='word_1_57' title='bbox 822 1422 948 1489; x_wconf 64' lang='lat' dir='ltr'>corona¹</span> 
     </span>
     <span class='ocr_line' id='line_1_11' title="bbox 124 1511 887 1610; baseline -0.001 -22"><span class='ocrx_word' id='word_1_58' title='bbox 124 1591 126 1595; x_wconf 75' lang='grc'>,</span> <span class='ocrx_word' id='word_1_59' title='bbox 248 1511 421 1588; x_wconf 83' lang='lat' dir='ltr'>Terribilis</span> <span class='ocrx_word' id='word_1_60' title='bbox 440 1514 510 1587; x_wconf 88' lang='lat' dir='ltr'>dira</span> <span class='ocrx_word' id='word_1_61' title='bbox 527 1515 614 1610; x_wconf 78' lang='lat' dir='ltr'>regis</span> <span class='ocrx_word' id='word_1_62' title='bbox 631 1515 673 1588; x_wconf 92' lang='lat' dir='ltr'>ab</span> <span class='ocrx_word' id='word_1_63' title='bbox 692 1543 765 1588; x_wconf 91' lang='lat' dir='ltr'>arce</span> <span class='ocrx_word' id='word_1_64' title='bbox 783 1513 887 1587; x_wconf 82' lang='lat' dir='ltr'>cadat.</span> 
     </span>
     <span class='ocr_line' id='line_1_12' title="bbox 200 1629 923 1728; baseline -0.008 -23"><span class='ocrx_word' id='word_1_65' title='bbox 200 1631 327 1705; x_wconf 79' lang='lat' dir='ltr'>Efferet</span> <span class='ocrx_word' id='word_1_66' title='bbox 341 1630 481 1702; x_wconf 86' lang='lat' dir='ltr'>edictum</span> <span class='ocrx_word' id='word_1_67' title='bbox 498 1648 611 1727; x_wconf 88' lang='lat' dir='ltr'>postes</span> <span class='ocrx_word' id='word_1_68' title='bbox 626 1630 767 1702; x_wconf 91' lang='lat' dir='ltr'>immane</span> <span class='ocrx_word' id='word_1_69' title='bbox 781 1629 923 1728; x_wconf 77' lang='lat' dir='ltr'><strong>tyranni,</strong></span> 
     </span>
     <span class='ocr_line' id='line_1_13' title="bbox 250 1741 909 1838; baseline 0 -23"><span class='ocrx_word' id='word_1_70' title='bbox 250 1746 329 1836; x_wconf 82' lang='lat' dir='ltr'>Quo</span> <span class='ocrx_word' id='word_1_71' title='bbox 345 1743 422 1832; x_wconf 80' lang='lat' dir='ltr'>suga</span> <span class='ocrx_word' id='word_1_72' title='bbox 439 1741 563 1812; x_wconf 90' lang='lat' dir='ltr'>Nasoni</span> <span class='ocrx_word' id='word_1_73' title='bbox 575 1743 666 1838; x_wconf 84' lang='lat' dir='ltr'>jussa</span> <span class='ocrx_word' id='word_1_74' title='bbox 683 1760 818 1817; x_wconf 86' lang='lat' dir='ltr'>cruenta</span> <span class='ocrx_word' id='word_1_75' title='bbox 835 1743 909 1816; x_wconf 80' lang='lat' dir='ltr'>tuit.</span> 
     </span>
     <span class='ocr_line' id='line_1_14' title="bbox 204 1853 1144 1963; baseline 0.01 -34"><span class='ocrx_word' id='word_1_76' title='bbox 204 1858 276 1929; x_wconf 84' lang='lat' dir='ltr'>Hoc</span> <span class='ocrx_word' id='word_1_77' title='bbox 294 1853 396 1948; x_wconf 58' lang='lat' dir='ltr'>legam</span> <span class='ocrx_word' id='word_1_78' title='bbox 416 1871 465 1942; x_wconf 89' lang='lat' dir='ltr'>et,</span> <span class='ocrx_word' id='word_1_79' title='bbox 483 1871 587 1928; x_wconf 87' lang='lat' dir='ltr'>vatem</span> <span class='ocrx_word' id='word_1_80' title='bbox 605 1856 783 1944; x_wconf 86' lang='lat' dir='ltr'>miserans,</span> <span class='ocrx_word' id='word_1_81' title='bbox 803 1856 972 1934; x_wconf 86' lang='lat' dir='ltr'>clementis</span> <span class='ocrx_word' id='word_1_82' title='bbox 989 1860 1144 1963; x_wconf 84' lang='lat' dir='ltr'>adeptus,</span> 
     </span>
     <span class='ocr_line' id='line_1_15' title="bbox 250 1968 1263 2072; baseline 0.007 -31"><span class='ocrx_word' id='word_1_83' title='bbox 250 1969 449 2053; x_wconf 86' lang='lat' dir='ltr'>Posteritas,</span> <span class='ocrx_word' id='word_1_84' title='bbox 468 1968 586 2042; x_wconf 78' lang='lat' dir='ltr'>famam</span> <span class='ocrx_word' id='word_1_85' title='bbox 603 1969 765 2072; x_wconf 87' lang='lat' dir='ltr'>principis</span> <span class='ocrx_word' id='word_1_86' title='bbox 780 1973 886 2060; x_wconf 92' lang='lat' dir='ltr'>unde,</span> <span class='ocrx_word' id='word_1_87' title='bbox 903 1992 1007 2069; x_wconf 74' lang='lat' dir='ltr'>roget.</span> <span class='ocrx_word' id='word_1_88' title='bbox 1232 2014 1263 2070; x_wconf 75' lang='lat' dir='ltr'>7o</span> 
     </span>
     <span class='ocr_line' id='line_1_16' title="bbox 201 2084 937 2190; baseline 0.005 -33"><span class='ocrx_word' id='word_1_89' title='bbox 201 2088 297 2159; x_wconf 87' lang='lat' dir='ltr'>Tune</span> <span class='ocrx_word' id='word_1_90' title='bbox 313 2085 472 2186; x_wconf 71' lang='lat' dir='ltr'>Cytherea</span> <span class='ocrx_word' id='word_1_91' title='bbox 490 2084 625 2159; x_wconf 83' lang='lat' dir='ltr'>deducis</span> <span class='ocrx_word' id='word_1_92' title='bbox 641 2087 766 2182; x_wconf 74' lang='lat' dir='ltr'>origine</span> <span class='ocrx_word' id='word_1_93' title='bbox 784 2087 937 2190; x_wconf 76' lang='lat' dir='ltr'><strong>stirpem,</strong></span> 
     </span>
     <span class='ocr_line' id='line_1_17' title="bbox 253 2203 952 2280; baseline 0.003 -2"><span class='ocrx_word' id='word_1_94' title='bbox 253 2206 383 2278; x_wconf 70' lang='lat' dir='ltr'>Caesar?</span> <span class='ocrx_word' id='word_1_95' title='bbox 397 2223 431 2278; x_wconf 90' lang='lat' dir='ltr'>et</span> <span class='ocrx_word' id='word_1_96' title='bbox 447 2203 543 2277; x_wconf 84' lang='lat' dir='ltr'>ldatii</span> <span class='ocrx_word' id='word_1_97' title='bbox 558 2204 659 2277; x_wconf 80' lang='lat' dir='ltr'>frater</span> <span class='ocrx_word' id='word_1_98' title='bbox 674 2205 808 2278; x_wconf 78' lang='lat' dir='ltr'>Amoris</span> <span class='ocrx_word' id='word_1_99' title='bbox 825 2209 924 2280; x_wconf 86' lang='lat' dir='ltr'>eras?</span> <span class='ocrx_word' id='word_1_100' title='bbox 948 2244 952 2251; x_wconf 94' lang='lat'>·</span> 
     </span>
     <span class='ocr_line' id='line_1_18' title="bbox 202 2319 994 2425; baseline 0.001 -28"><span class='ocrx_word' id='word_1_101' title='bbox 202 2326 257 2397; x_wconf 77' lang='lat' dir='ltr'>An</span> <span class='ocrx_word' id='word_1_102' title='bbox 271 2323 347 2425; x_wconf 90' lang='lat' dir='ltr'>pins</span> <span class='ocrx_word' id='word_1_103' title='bbox 364 2319 515 2393; x_wconf 82' lang='lat' dir='ltr'>Anchisa</span> <span class='ocrx_word' id='word_1_104' title='bbox 530 2321 657 2413; x_wconf 74' lang='lat' dir='ltr'>generis</span> <span class='ocrx_word' id='word_1_105' title='bbox 676 2319 738 2393; x_wconf 89' lang='lat' dir='ltr'>tibi</span> <span class='ocrx_word' id='word_1_106' title='bbox 752 2319 840 2395; x_wconf 79' lang='lat' dir='ltr'>filius</span> <span class='ocrx_word' id='word_1_107' title='bbox 855 2327 994 2398; x_wconf 85' lang='lat' dir='ltr'>auctor?</span> 
     </span>
     <span class='ocr_line' id='line_1_19' title="bbox 251 2431 1196 2538; baseline 0.004 -30"><span class='ocrx_word' id='word_1_108' title='bbox 251 2434 320 2531; x_wconf 87' lang='lat' dir='ltr'>Qui</span> <span class='ocrx_word' id='word_1_109' title='bbox 341 2432 458 2509; x_wconf 65' lang='lat' dir='ltr'>Veneri</span> <span class='ocrx_word' id='word_1_110' title='bbox 474 2460 583 2506; x_wconf 87' lang='lat' dir='ltr'>carum</span> <span class='ocrx_word' id='word_1_111' title='bbox 600 2431 696 2534; x_wconf 84' lang='lat' dir='ltr'>peliis</span> <span class='ocrx_word' id='word_1_112' title='bbox 712 2434 756 2508; x_wconf 94' lang='lat' dir='ltr'>ab</span> <span class='ocrx_word' id='word_1_113' title='bbox 774 2436 857 2509; x_wconf 88' lang='lat' dir='ltr'>urbe</span> <span class='ocrx_word' id='word_1_114' title='bbox 872 2456 980 2538; x_wconf 87' lang='lat' dir='ltr'>caput.</span> <span class='ocrx_word' id='word_1_115' title='bbox 1192 2514 1196 2519; x_wconf 78' lang='grc'><strong>,</strong></span> 
     </span>
     <span class='ocr_line' id='line_1_20' title="bbox 202 2547 1347 2663; baseline 0.005 -41"><span class='ocrx_word' id='word_1_116' title='bbox 202 2552 250 2624; x_wconf 85' lang='lat' dir='ltr'>Te</span> <span class='ocrx_word' id='word_1_117' title='bbox 269 2548 366 2648; x_wconf 87' lang='lat' dir='ltr'>lupa,</span> <span class='ocrx_word' id='word_1_118' title='bbox 386 2547 578 2642; x_wconf 77' lang='lat' dir='ltr'>Martigenae</span> <span class='ocrx_word' id='word_1_119' title='bbox 596 2576 667 2647; x_wconf 75' lang='lat' dir='ltr'>quar</span> <span class='ocrx_word' id='word_1_120' title='bbox 684 2550 826 2649; x_wconf 84' lang='lat' dir='ltr'>praebuit</span> <span class='ocrx_word' id='word_1_121' title='bbox 841 2550 942 2625; x_wconf 88' lang='lat' dir='ltr'>ubera</span> <span class='ocrx_word' id='word_1_122' title='bbox 960 2552 1068 2654; x_wconf 85' lang='lat' dir='ltr'>proli,</span> <span class='ocrx_word' id='word_1_123' title='bbox 1231 2577 1263 2649; x_wconf 76' lang='lat'>75</span> <span class='ocrx_word' id='word_1_124' title='bbox 1302 2590 1347 2663; x_wconf 53' lang='lat' dir='ltr'>p·</span> 
     </span>
     <span class='ocr_line' id='line_1_21' title="bbox 252 2665 925 2764; baseline 0.004 -26"><span class='ocrx_word' id='word_1_125' title='bbox 252 2666 413 2739; x_wconf 81' lang='lat' dir='ltr'>Caucasea</span> <span class='ocrx_word' id='word_1_126' title='bbox 430 2666 545 2757; x_wconf 81' lang='lat' dir='ltr'>gennit</span> <span class='ocrx_word' id='word_1_127' title='bbox 562 2681 596 2737; x_wconf 84' lang='lat' dir='ltr'>te</span> <span class='ocrx_word' id='word_1_128' title='bbox 610 2665 677 2738; x_wconf 85' lang='lat' dir='ltr'>sera</span> <span class='ocrx_word' id='word_1_129' title='bbox 694 2682 795 2739; x_wconf 88' lang='lat' dir='ltr'>matre</span> <span class='ocrx_word' id='word_1_130' title='bbox 814 2668 925 2764; x_wconf 85' lang='lat' dir='ltr'>tigris:</span> 
     </span>
     <span class='ocr_line' id='line_1_22' title="bbox 202 2779 1098 2882; baseline 0.008 -29"><span class='ocrx_word' id='word_1_131' title='bbox 202 2783 393 2881; x_wconf 82' lang='lat' dir='ltr'>Romaque,</span> <span class='ocrx_word' id='word_1_132' title='bbox 412 2796 442 2852; x_wconf 89' lang='lat' dir='ltr'>te</span> <span class='ocrx_word' id='word_1_133' title='bbox 460 2779 612 2866; x_wconf 93' lang='lat' dir='ltr'>domino,</span> <span class='ocrx_word' id='word_1_134' title='bbox 631 2797 755 2882; x_wconf 80' lang='lat' dir='ltr'>septem</span> <span class='ocrx_word' id='word_1_135' title='bbox 773 2782 813 2855; x_wconf 92' lang='lat' dir='ltr'>de</span> <span class='ocrx_word' id='word_1_136' title='bbox 831 2783 973 2859; x_wconf 80' lang='lat' dir='ltr'>coitibus</span> <span class='ocrx_word' id='word_1_137' title='bbox 987 2782 1098 2860; x_wconf 84' lang='lat' dir='ltr'>undas</span> 
     </span>
     <span class='ocr_line' id='line_1_23' title="bbox 251 2894 955 2992; baseline 0.006 -22"><span class='ocrx_word' id='word_1_138' title='bbox 251 2900 314 2970; x_wconf 88' lang='lat' dir='ltr'>Per</span> <span class='ocrx_word' id='word_1_139' title='bbox 328 2894 472 2969; x_wconf 87' lang='lat' dir='ltr'>medium</span> <span class='ocrx_word' id='word_1_140' title='bbox 488 2895 571 2968; x_wconf 89' lang='lat' dir='ltr'>vidit</span> <span class='ocrx_word' id='word_1_141' title='bbox 586 2896 755 2992; x_wconf 77' lang='lat' dir='ltr'>sanguinis</span> <span class='ocrx_word' id='word_1_142' title='bbox 772 2898 819 2973; x_wconf 91' lang='lat' dir='ltr'>ire</span> <span class='ocrx_word' id='word_1_143' title='bbox 835 2898 955 2974; x_wconf 87' lang='lat' dir='ltr'>sorum.</span> 
     </span>
     <span class='ocr_line' id='line_1_24' title="bbox 201 3014 1103 3117; baseline 0.002 -26"><span class='ocrx_word' id='word_1_144' title='bbox 201 3016 355 3091; x_wconf 80' lang='lat' dir='ltr'>Gadibus</span> <span class='ocrx_word' id='word_1_145' title='bbox 371 3014 443 3116; x_wconf 87' lang='lat' dir='ltr'>ipsa</span> <span class='ocrx_word' id='word_1_146' title='bbox 459 3015 566 3086; x_wconf 82' lang='lat' dir='ltr'>Derim</span> <span class='ocrx_word' id='word_1_147' title='bbox 583 3015 779 3089; x_wconf 80' lang='lat' dir='ltr'>maduerunt</span> <span class='ocrx_word' id='word_1_148' title='bbox 797 3014 937 3117; x_wconf 77' lang='lat' dir='ltr'>templa,</span> <span class='ocrx_word' id='word_1_149' title='bbox 956 3019 1103 3093; x_wconf 85' lang='lat' dir='ltr'>ementis</span> 
     </span>
     <span class='ocr_line' id='line_1_25' title="bbox 250 3131 1261 3232; baseline -0.003 -26"><span class='ocrx_word' id='word_1_150' title='bbox 250 3131 390 3207; x_wconf 79' lang='lat' dir='ltr'>incaluit</span> <span class='ocrx_word' id='word_1_151' title='bbox 408 3131 511 3227; x_wconf 83' lang='lat' dir='ltr'>guttis</span> <span class='ocrx_word' id='word_1_152' title='bbox 529 3132 666 3205; x_wconf 73' lang='lat' dir='ltr'>Caesaris</span> <span class='ocrx_word' id='word_1_153' title='bbox 684 3160 736 3205; x_wconf 91' lang='lat' dir='ltr'>ara</span> <span class='ocrx_word' id='word_1_154' title='bbox 754 3131 865 3232; x_wconf 86' lang='lat' dir='ltr'>patris.</span> <span class='ocrx_word' id='word_1_155' title='bbox 1228 3156 1261 3208; x_wconf 81' lang='lat' dir='ltr'>to</span> 
     </span>
     <span class='ocr_line' id='line_1_26' title="bbox 201 3243 1106 3330; baseline -0.001 -9"><span class='ocrx_word' id='word_1_156' title='bbox 201 3250 270 3321; x_wconf 85' lang='lat' dir='ltr'>Nec</span> <span class='ocrx_word' id='word_1_157' title='bbox 286 3244 364 3320; x_wconf 89' lang='lat' dir='ltr'>satis</span> <span class='ocrx_word' id='word_1_158' title='bbox 380 3246 444 3318; x_wconf 86' lang='lat' dir='ltr'>boc</span> <span class='ocrx_word' id='word_1_159' title='bbox 463 3244 543 3330; x_wconf 92' lang='lat' dir='ltr'>tibi,</span> <span class='ocrx_word' id='word_1_160' title='bbox 562 3243 651 3329; x_wconf 92' lang='lat' dir='ltr'>dire,</span> <span class='ocrx_word' id='word_1_161' title='bbox 670 3244 755 3317; x_wconf 82' lang='lat' dir='ltr'>fnit:</span> <span class='ocrx_word' id='word_1_162' title='bbox 772 3263 822 3319; x_wconf 84' lang='lat' dir='ltr'>tot</span> <span class='ocrx_word' id='word_1_163' title='bbox 836 3244 949 3317; x_wconf 77' lang='lat' dir='ltr'>funera</span> <span class='ocrx_word' id='word_1_164' title='bbox 963 3262 1106 3320; x_wconf 87' lang='lat' dir='ltr'>mentem</span> 
     </span>
     <span class='ocr_line' id='line_1_27' title="bbox 249 3359 950 3460; baseline -0.004 -26"><span class='ocrx_word' id='word_1_165' title='bbox 249 3361 370 3434; x_wconf 86' lang='lat' dir='ltr'>Tristia</span> <span class='ocrx_word' id='word_1_166' title='bbox 387 3390 454 3433; x_wconf 95' lang='lat' dir='ltr'>non</span> <span class='ocrx_word' id='word_1_167' title='bbox 472 3379 624 3460; x_wconf 85' lang='lat' dir='ltr'>poterant</span> <span class='ocrx_word' id='word_1_168' title='bbox 640 3377 824 3433; x_wconf 71' lang='lat' dir='ltr'>exsaturare</span> <span class='ocrx_word' id='word_1_169' title='bbox 841 3359 950 3432; x_wconf 86' lang='lat' dir='ltr'>feram.</span> 
     </span>
     <span class='ocr_line' id='line_1_28' title="bbox 202 3475 1018 3574; baseline 0.002 -26"><span class='ocrx_word' id='word_1_170' title='bbox 202 3477 340 3551; x_wconf 76' lang='lat' dir='ltr'>Artibus</span> <span class='ocrx_word' id='word_1_171' title='bbox 355 3477 489 3549; x_wconf 82' lang='lat' dir='ltr'>exitium</span> <span class='ocrx_word' id='word_1_172' title='bbox 508 3475 691 3574; x_wconf 88' lang='lat' dir='ltr'>studiisque</span> <span class='ocrx_word' id='word_1_173' title='bbox 709 3477 848 3549; x_wconf 87' lang='lat' dir='ltr'>immane</span> <span class='ocrx_word' id='word_1_174' title='bbox 862 3475 1018 3574; x_wconf 80' lang='lat' dir='ltr'>parabas,</span> 
     </span>
     <span class='ocr_line' id='line_1_29' title="bbox 252 3590 908 3686; baseline 0.002 -23"><span class='ocrx_word' id='word_1_175' title='bbox 252 3596 296 3663; x_wconf 82' lang='lat' dir='ltr'>Et</span> <span class='ocrx_word' id='word_1_176' title='bbox 311 3590 428 3666; x_wconf 82' lang='lat' dir='ltr'>samnia</span> <span class='ocrx_word' id='word_1_177' title='bbox 447 3593 562 3667; x_wconf 85' lang='lat' dir='ltr'>doctas</span> <span class='ocrx_word' id='word_1_178' title='bbox 581 3593 664 3665; x_wconf 91' lang='lat' dir='ltr'>urbe</span> <span class='ocrx_word' id='word_1_179' title='bbox 682 3592 794 3686; x_wconf 76' lang='lat' dir='ltr'>fugare</span> <span class='ocrx_word' id='word_1_180' title='bbox 815 3594 908 3664; x_wconf 84' lang='lat' dir='ltr'>Deas.</span> 
     </span>
     <span class='ocr_line' id='line_1_30' title="bbox 203 3706 1261 3808; baseline -0.002 -25"><span class='ocrx_word' id='word_1_181' title='bbox 203 3707 334 3783; x_wconf 78' lang='lat' dir='ltr'>Scilicet</span> <span class='ocrx_word' id='word_1_182' title='bbox 350 3709 418 3780; x_wconf 88' lang='lat' dir='ltr'>baec</span> <span class='ocrx_word' id='word_1_183' title='bbox 434 3707 484 3780; x_wconf 83' lang='lat' dir='ltr'>lex</span> <span class='ocrx_word' id='word_1_184' title='bbox 503 3726 553 3781; x_wconf 88' lang='lat' dir='ltr'>est</span> <span class='ocrx_word' id='word_1_185' title='bbox 568 3706 722 3783; x_wconf 81' lang='lat' dir='ltr'>violentis</span> <span class='ocrx_word' id='word_1_186' title='bbox 739 3737 801 3781; x_wconf 94' lang='lat' dir='ltr'>una</span> <span class='ocrx_word' id='word_1_187' title='bbox 819 3708 979 3808; x_wconf 82' lang='lat' dir='ltr'>tyrannis,</span> <span class='ocrx_word' id='word_1_188' title='bbox 1227 3730 1261 3781; x_wconf 73' lang='lat'>85</span> 
     </span>
     <span class='ocr_line' id='line_1_31' title="bbox 251 3820 840 3918; baseline 0.003 -23"><span class='ocrx_word' id='word_1_189' title='bbox 251 3822 378 3918; x_wconf 81' lang='lat' dir='ltr'>Ingenii</span> <span class='ocrx_word' id='word_1_190' title='bbox 395 3820 498 3895; x_wconf 89' lang='lat' dir='ltr'>claros</span> <span class='ocrx_word' id='word_1_191' title='bbox 517 3822 632 3896; x_wconf 85' lang='lat' dir='ltr'>toliere</span> <span class='ocrx_word' id='word_1_192' title='bbox 650 3823 730 3896; x_wconf 88' lang='lat' dir='ltr'>dote</span> <span class='ocrx_word' id='word_1_193' title='bbox 741 3823 840 3897; x_wconf 80' lang='lat' dir='ltr'>viros.</span> 
     </span>
     <span class='ocr_line' id='line_1_32' title="bbox 202 3939 995 4041; baseline 0.003 -26"><span class='ocrx_word' id='word_1_194' title='bbox 202 3943 257 4015; x_wconf 89' lang='lat' dir='ltr'>Sic</span> <span class='ocrx_word' id='word_1_195' title='bbox 273 3941 415 4013; x_wconf 86' lang='lat' dir='ltr'>animosa</span> <span class='ocrx_word' id='word_1_196' title='bbox 430 3965 562 4037; x_wconf 79' lang='lat' dir='ltr'>parens,</span> <span class='ocrx_word' id='word_1_197' title='bbox 586 3959 615 4014; x_wconf 86' lang='lat' dir='ltr'>te</span> <span class='ocrx_word' id='word_1_198' title='bbox 634 3939 873 4041; x_wconf 81' lang='lat' dir='ltr'>proscribente,</span> <span class='ocrx_word' id='word_1_199' title='bbox 891 3940 995 4017; x_wconf 87' lang='lat' dir='ltr'>securi</span> 
     </span>
     <span class='ocr_line' id='line_1_33' title="bbox 251 4053 894 4154; baseline 0 -25"><span class='ocrx_word' id='word_1_200' title='bbox 251 4056 382 4130; x_wconf 86' lang='lat' dir='ltr'>Tullius</span> <span class='ocrx_word' id='word_1_201' title='bbox 400 4053 521 4154; x_wconf 89' lang='lat' dir='ltr'>eloquii</span> <span class='ocrx_word' id='word_1_202' title='bbox 538 4054 620 4127; x_wconf 77' lang='lat' dir='ltr'>colla</span> <span class='ocrx_word' id='word_1_203' title='bbox 636 4055 774 4132; x_wconf 69' lang='lat' dir='ltr'>menda</span> <span class='ocrx_word' id='word_1_204' title='bbox 789 4057 894 4145; x_wconf 87' lang='lat' dir='ltr'>dedit;</span> 
     </span>
    </p>
   </div>
   <div class='ocr_carea' id='block_1_3' title="bbox 0 0 1368 4702">
    <p class='ocr_par' dir='ltr' id='par_1_3' title="bbox 0 0 1368 4702">
     <span class='ocr_line' id='line_1_34' title="bbox 0 0 1368 4702; baseline 0 0"><span class='ocrx_word' id='word_1_205' title='bbox 0 0 1368 4702; x_wconf 95' lang='lat' dir='ltr'> </span> 
     </span>
    </p>
   </div>
  </div>
 </body>
</html>
