2722 4702
115 361 130 405 ·,
153 314 263 415 nra·
446 301 939 401 r.'0vio11uasours

139 450 148 466 ⁰
183 474 192 484 '
218 449 374 559 Pectore,
391 468 524 544 lecturis
539 467 740 570 inspicienda
759 487 882 571 patent.

171 588 366 684 Quaerebam
378 587 514 676 fratres,
534 587 678 688 exceptis
693 585 818 660 scilicet
832 586 920 675 illis,

217 703 313 800 Quos
329 732 409 777 suus
425 719 554 804 optaret
568 731 638 775 non
655 700 806 798 genuisse
822 729 963 802 parens:

170 816 378 913 Querentem
394 816 515 892 frustm
532 833 648 890 custos
665 843 736 904 me,
753 814 887 898 sedibus
903 814 970 890 illis

217 931 433 1032 Praepositus,
450 950 563 1008 sancto
577 932 676 1032 jussit
693 929 785 1006 abire
802 931 887 1006 loco.

168 1044 282 1120 Altera
299 1048 418 1149 templa
434 1067 529 1150 peto,
548 1048 656 1122 vicino
669 1048 783 1148 juncta
800 1047 943 1134 theatro;

219 1163 297 1238 ltaee
315 1195 447 1267 quoque
466 1183 556 1240 erant
571 1165 713 1266 pedibus
728 1194 798 1239 uon
815 1163 964 1240 adeunda
981 1165 1071 1239 meis.
1193 1201 1226 1255 7⁰

171 1280 240 1354 Nec
256 1310 324 1368 me,
343 1311 414 1382 quae
430 1281 536 1357 doctis
552 1297 729 1383 patuerunt
745 1281 849 1384 prima
867 1280 1005 1370 libellis,

220 1396 314 1469 Atria
330 1398 481 1471 Libertas
499 1416 630 1494 tangere
646 1424 742 1496 passa
761 1425 819 1472 sua
835 1416 895 1472 est.

173 1510 211 1582 ln
228 1539 331 1605 genus
348 1511 491 1585 auctoris
506 1511 616 1585 miseri
628 1510 759 1585 fortuna
773 1511 950 1600 redundat3

222 1623 268 1695 Et
284 1622 428 1722 patimur
443 1624 528 1710 nati,
546 1651 643 1723 quarn
660 1623 736 1697 tulit
750 1623 838 1724 ipse,
855 1623 975 1720 lugam.

173 1737 324 1811 Forsitan
342 1755 374 1812 et
390 1738 490 1812 nobis
507 1737 584 1812 olim
600 1738 709 1811 minus
726 1766 839 1840 asper,
855 1757 888 1813 et
904 1736 953 1811 illi
1195 1760 1227 1831 75

219 1850 354 1924 Evictus
370 1849 471 1945 longo
489 1870 636 1952 tempore
655 1852 763 1926 Cesar
778 1853 850 1926 erit.

173 1968 236 2054 Di,
248 1993 374 2066 precor,
383 1984 481 2068 atquc
490 1968 582 2056 adeo,
596 1970 800 2070 nequeenim
809 1969 891 2043 mihi
903 1969 1001 2044 turba
1008 1970 1155 2066 roganda
1164 1989 1226 2052 est,

176 2123 275 2178 Veteres
284 2124 368 2191 secere
381 2127 484 2191 noor'qoe
495 2125 605 2178 Pectore.
620 2126 673 2178 Ce-
721 2144 801 2190 men,
818 2124 956 2178 Libertatis
971 2125 1068 2178 atrium
1085 2121 1226 2190 intelligas,

165 2221 225 2271 pere
244 2203 342 2271 antiqui
363 2201 419 2256 lere
441 2220 540 2256 omnes.
560 2202 676 2256 Avieno
723 2203 793 2274 quod
812 2204 844 2256 ab
862 2203 952 2258 Asinio
973 2201 1091 2256 Pollione
1108 2211 1225 2254 erectum

171 2279 367 2349 prognosticis,
385 2299 449 2346 eope
468 2283 558 2333 sollers
575 2283 677 2348 singola
723 2284 896 2335 est-Viciae
907 2283 1010 2332 theatro.
1021 2277 1137 2330 Theatro
1150 2276 1226 2329 Mar-

170 2368 264 2410 raeote:
273 2357 334 2410 hinc
343 2377 427 2424 copas
434 2363 546 2418 omerus,
556 2368 583 2412 et
589 2365 678 2411 corci-
722 2356 798 2422 oelli,
813 2367 857 2409 sut
874 2355 991 2408 Cornelii
1004 2352 1096 2418 Balbi,
1112 2354 1225 2422 propin-

166 2453 226 2501 μη·
235 2444 327 2489 mente.
345 2435 414 2500 quod
428 2435 521 2501 passim
532 2433 600 2503 apud
611 2433 676 2485 seri·
722 2450 782 2499 quo.
804 2432 881 2482 Mun.
896 2458 929 2470 -
942 2432 1032 2485 Altera
1052 2434 1144 2496 templa
1158 2441 1225 2497 peto.

171 2523 259 2580 ptores
275 2509 399 2581 ,occurrit
418 2511 517 2560 Veram
537 2508 675 2560 lectionem
723 2507 796 2576 Quid
808 2508 829 2560 si
841 2507 873 2560 tle
885 2508 999 2578 templo,
1017 2508 1070 2562 sive
1081 2508 1137 2562 tecle
1149 2511 1226 2564 Her-

171 2590 225 2657 jam
241 2586 306 2640 vidit
321 2585 494 2654 sagacissimus
508 2583 673 2647 Gronovius,
721 2583 783 2636 culis
795 2583 932 2636 Musarum
944 2584 1134 2654 intelligamus,
1147 2607 1225 2656 quern

173 2665 309 2721 Observat.
321 2663 363 2716 lib.
378 2662 425 2726 ll,
444 2681 498 2730 cap.
514 2663 547 2727 3,
566 2660 610 2728 qui
625 2660 676 2715 illie
721 2661 1225 2727 MasogeteorGraeconominerocarunt?

172 2739 328 2796 consulatur.
341 2739 376 2792 H.
722 2737 796 2804 cuius
811 2749 901 2791 auctor
920 2739 1014 2792 exstitit
1029 2740 1141 2792 Martius
1158 2741 1229 2795 Phi·-

204 2819 245 2873 65.
258 2821 398 2885 Querebore
401 2813 504 2882 fratres.
516 2814 674 2883 Quaerebam
721 2815 813 2885 lippus,
822 2817 966 2870 utSueton.
974 2817 1061 2872 tradit.
1072 2820 1226 2874 Bersmann.

172 2897 201 2951 in
212 2896 304 2951 eadem
318 2894 470 2948 bibliotheca
481 2905 587 2950 ceteros
598 2893 676 2948 libros
722 2895 777 2948 vult
785 2898 1076 2952 esseVenerisVictricis
1085 2901 1226 2968 templum,

173 2978 205 3032 ab
226 2973 323 3030 ovidio
345 2974 523 3043 compositos;
551 2983 675 3043 tanquam
721 2973 836 3026 ricinum
850 2975 969 3044 Pompeii
987 2976 1107 3044 theatro,
1123 2978 1163 3029 rel
1177 3017 1184 3044 ,
1199 2990 1228 3030 ut

172 3053 266 3108 [ratres
278 3072 349 3106 meos
360 3052 391 3104 ab
403 3055 458 3121 ipso
468 3052 577 3121 genitos.
722 3048 778 3116 alii,
793 3051 917 3105 Marcelli.
930 3052 1033 3107 Mun.

205 3134 245 3197 66.
257 3135 315 3186 Nor
323 3137 437 3201 geourise
443 3140 525 3199 poter.
542 3132 636 3184 Potens
648 3131 675 3183 iu
756 3130 959 3197 71.Patnemnt,·
971 3134 1109 3188 docoemot
1117 3135 1228 3188 Putean.

174 3210 324 3264 melioribus
334 3210 433 3279 scriptis
444 3219 471 3263 et
482 3206 569 3279 priscis
583 3207 677 3273 editio-
717 3209 865 3271 placuerunt
872 3206 991 3261 Leidens.
1003 3215 1105 3265 tabellis
1114 3211 1210 3265 lovan.

174 3290 252 3343 nibus
267 3308 274 3341 ε
291 3290 380 3342 malim
398 3289 477 3342 etiam
491 3293 598 3356 optarit3
614 3305 676 3340 nam
756 3285 795 3352 73·
807 3284 922 3351 Ingerens
932 3296 1043 3342 auctoris
1050 3294 1140 3342 moseri.
1153 3289 1185 3341 ln
1195 3289 1227 3341 li-

174 3374 274 3437 optarot
283 3375 321 3417 est
332 3365 358 3416 iu
371 3364 531 3433 quibusdam.
541 3364 577 3417 H.
722 3359 783 3414 bros
793 3359 859 3413 filios
870 3359 978 3416 infelicis
989 3364 1085 3418 Ovidii.

205 3444 246 3513 57.
260 3444 349 3495 Custos
359 3460 374 3493 e
384 3443 485 3494 sedibus
492 3445 554 3494 elles.
562 3443 603 3493 De
612 3445 677 3496 sedi·
757 3441 794 3505 74.
806 3440 841 3491 Et
847 3442 1058 3513 pots'treursogan.
1067 3443 1101 3497 Et
1112 3461 1158 3495 nos
1167 3439 1225 3496 libri

175 3523 223 3575 bes
230 3518 358 3574 nonnulli.
369 3516 457 3572 Scribe
465 3536 516 3578 ore,
525 3520 631 3570 sedibus.
641 3520 677 3572 H.
724 3515 812 3571 Ovidii
824 3518 956 3590 fugamur.

152 3639 154 3649 .
207 3598 246 3652 bb
259 3598 418 3649 Sanctoloeo.
432 3593 502 3662 Quia
512 3592 583 3662 quasi
591 3594 676 3661 quod-
757 3597 795 3665 75.
807 3597 845 3649 Et
853 3601 900 3650 itti.
915 3598 950 3651 Et
964 3597 1065 3652 ovidio.

176 3668 237 3726 elam
251 3672 378 3740 templum
389 3670 535 3740 sapientie,
552 3687 602 3737 qua
613 3670 677 3724 nilril
755 3690 794 3741 77.
804 3675 958 3740 Neoseenr'm
966 3676 1225 3740 mititurborogordo

176 3752 288 3805 sanctius
299 3770 328 3804 ae
340 3748 515 3804 venerabilius.
527 3750 557 3802 P.
722 3747 872 3801 ostiatim
884 3754 996 3816 roganda
1011 3769 1046 3803 es.
1066 3751 1137 3805 Deos
1153 3754 1226 3808 enim

186 3864 189 3870 -
207 3828 247 3901 og.
263 3827 353 3881 Altero
368 3830 460 3893 templo
472 3837 537 3894 peto.
552 3824 622 3879 Sunt
633 3825 678 3894 qui
723 3822 876 3893 adloquitur.
885 3828 1014 3889 ll.-Bt,
1028 3848 1121 3894 precor.
1128 3833 1226 3897 Depre-

176 3902 218 3960 bic
227 3905 259 3960 tle
272 3905 368 3975 templo
383 3905 487 3974 Magnos
499 3905 587 3959 matris
600 3903 679 3957 intel·
723 3921 767 3955 cor
778 3904 904 3961 Bemeus
923 3916 949 3959 et
966 3907 1068 3976 plurimi
1081 3908 1176 3978 scripti.
1190 3912 1225 3960 Te

173 3974 273 4052 ligant:
287 3979 401 4052 plerique
417 3981 448 4034 de
466 3979 562 4051 templo
574 3982 676 4034 Veste:
720 3981 1223 4049 precorMoretietnoremoliiSed'mibi

174 4061 257 4131 magis
269 4058 366 4132 planet,
380 4070 486 4131 propter
499 4078 612 4131 sequens
620 4075 678 4114 car-
723 4059 804 4128 magis
817 4059 899 4129 placet
908 4062 984 4118 lectio
994 4064 1144 4124 lleinsiaoa·
