2716 5214
84 811 188 876 no
325 752 337 771 ”
425 805 941 881 o.-ov1n11‘1msou1s

193 945 319 1020 Essent
333 973 520 1046 pugnaces,
538 948 597 1050 qui
613 948 682 1023 fera
698 948 786 1023 hella
804 969 936 1025 canunt.
988 977 999 1004 ⁰
1166 977 1215 1030 sm

53 1156 63 1173 ἱ
144 1061 301 1163 Denique
316 1064 490 1163 composui
508 1081 639 1139 teneros
654 1093 723 1141 non
740 1066 833 1140 solus
849 1069 1014 1144 Amores:
1030 1120 1034 1124 -

196 1178 394 1279 Composito
412 1207 528 1280 ponas
544 1179 637 1254 solus
655 1208 766 1255 amore
784 1180 869 1255 dedi.

147 1291 243 1390 Quid
257 1291 324 1368 nisi
342 1320 417 1366 cum
432 1291 540 1366 multo
556 1294 719 1369 Venerem
736 1296 937 1373 confundere
952 1296 1030 1371 rino

198 1408 360 1509 Praecepit
373 1405 467 1509 lyrici
483 1409 562 1484 Teia
576 1410 804 1486 Musasenis?
969 1423 972 1430 '

148 1522 268 1599 Lesbia
286 1523 367 1624 quid
386 1522 500 1598 docuit
516 1524 669 1628 Sappho,
686 1528 751 1602 nisi
767 1555 894 1618 amare,
912 1527 1064 1630 puellas?
1165 1549 1217 1604 aot

199 1641 287 1714 Tuta
306 1657 414 1715 tamen
432 1640 588 1742 Sappho,
603 1660 700 1728 ‘tutus
718 1663 752 1719 et
767 1644 823 1720 ille
840 1645 914 1720 tulo

153 1759 221 1832 Nec
238 1755 323 1844 tihi,
341 1754 510 1843 Bauium,
527 1759 662 1846 nocuit,
681 1761 773 1861 quod
789 1789 874 1862 sape
890 1760 1011 1858 legenti

204 1873 350 1948 Delicias
366 1900 462 1946 versu
480 1873 587 1948 fassus
605 1902 639 1949 es
657 1875 727 1976 ipae
744 1894 827 1951 toas.

152 1988 281 2064 Fabula
295 1987 434 2086 jucundi
453 1985 544 2061 nulla
561 2004 612 2060 est
628 1989 699 2062 sine
714 2018 825 2065 amore
839 1992 1031 2079 Menandri;

203 2110 249 2179 Et
265 2104 350 2179 solet
368 2105 422 2177 hic
438 2105 550 2205 pueris
566 2105 815 2206 virginibusque
834 2105 908 2200 legi.
1171 2130 1223 2198 370

153 2219 233 2295 llias
248 2220 322 2321 ipsa
340 2219 505 2321 quidest,
523 2221 589 2294 nisi
605 2221 714 2321 turpis
730 2220 896 2308 adultera,
915 2220 956 2296 de
973 2249 1038 2322 qua

206 2337 299 2408 luter
315 2353 494 2409 amatorem
511 2364 624 2437 pugna
640 2337 813 2437 virumque
831 2334 920 2410 fnit?

156 2450 251 2563 Quid
268 2448 361 2550 prius
379 2449 493 2524 catilli
511 2450 639 2525 llamma
656 2451 882 2552 Chryseidos?
901 2471 1004 2553 utque

206 2566 334 2640 Fecerit
350 2563 454 2640 iratos
470 2580 564 2667 rapta
579 2564 689 2667 puella
705 2566 832 2642 duces?

156 2684 227 2758 Aut
245 2681 327 2784 quid
341 2680 494 2783 Odyssea
510 2698 579 2769 est,
598 2681 664 2756 nisi
680 2681 819 2767 femina,
835 2700 975 2783 propter
989 2710 1147 2770 amorem,
1174 2704 1225 2773 375

206 2799 297 2874 Dum
315 2797 366 2872 vir
382 2796 495 2887 abest,
513 2796 710 2872 multisona
728 2799 831 2899 petita
845 2797 979 2898 procis?

158 3006 313 3067 propterea,
326 2995 398 3064 quod
409 2993 546 3064 tragodias
558 2993 670 3064 scripsit.
718 2995 777 3050 bula
788 2993 915 3048 videlicet
925 2993 1227 3064 H.-Egopraetulih1'c.

191 3076 248 3142 364.
260 3077 324 3128 Teia
334 3077 419 3129 Musa.
427 3074 601 3127 Anacreontis
609 3074 671 3127 Mu·
751 3076 806 3143 371.
820 3076 885 3126 Ilias
895 3079 954 3141 ipsa
963 3076 1165 3140 qur'destals'ud,
1177 3080 1234 3128 nr‘sl

158 3175 186 3208 sa
201 3173 207 3208 :
222 3155 243 3208 is
255 3154 327 3207 enim
341 3154 417 3207 Teon
435 3152 547 3223 patriam
561 3152 669 3221 hahuit,
718 3155 840 3206 adultera.
860 3153 922 3204 Ne'ss'
935 3155 1014 3217 turpis
1035 3154 1149 3203 adultera
1167 3171 1230 3205 cnm

160 3243 190 3286 ut
203 3242 242 3286 est
253 3242 344 3286 auctor
353 3230 457 3284 Strabo.
495 3264 498 3268 -
720 3228 810 3298 primis
826 3226 1005 3290 editionibus3
1026 3227 1106 3296 Epist.
1123 3227 1231 3281 Laoda-

192 3311 250 3364 365.
262 3311 357 3364 Lesbis
373 3309 540 3376 qur'd'docui!
554 3310 672 3377 Sappho,
721 3305 794 3370 mire,
805 3306 855 3359 33:
868 3326 882 3350 «ι
897 3302 972 3371 Quid
983 3305 1083 3372 petitur
1094 3314 1168 3358 tanto
1180 3306 1232 3359 nisi

160 3392 216 3441 uisi
227 3407 331 3449 amare,
347 3389 472 3454 puellas?
491 3384 598 3455 Sappho
616 3385 673 3438 Le·-
721 3383 803 3453 turpis
814 3378 934 3435 adultera
946 3380 1032 3436 hello?
1050 3404 1063 3428 a
1079 3384 1168 3451 Turpis
1180 3381 1232 3438 hoc

160 3466 215 3520 shia
224 3465 308 3536 prima
320 3464 450 3534 plectrum
463 3464 579 3534 reperit,
594 3463 674 3517 libros
720 3458 778 3514 loco
790 3458 824 3513 ad
834 3478 941 3527 mores,
957 3478 1014 3514 raon
1027 3459 1059 3513 ad
1072 3460 1168 3515 faciem
1182 3480 1232 3515 re-

162 3544 254 3616 lyricos
273 3543 441 3613 composuit,
464 3541 673 3611 epigrammata,
721 3537 825 3602 lectum
840 3537 868 3591 in
883 3538 965 3608 Epist.
978 3537 1081 3592 OEson.
1098 3538 1130 3593 ad
1144 3538 1233 3594 Parid.

162 3621 280 3687 iambos,
303 3630 330 3674 et
347 3619 441 3691 elegias
462 3639 469 3673 ι
491 3618 569 3688 hujus
585 3628 674 3672 autem
722 3614 755 3669 de
768 3616 822 3685 ipsa
835 3614 955 3682 Helena,
972 3635 1038 3670 vers.
1053 3637 1117 3687 170:
1131 3638 1144 3663 κ
1163 3618 1234 3672 Hss-

164 3707 286 3764 poemata
296 3696 389 3751 lasciva
402 3705 485 3750 erant.
497 3693 533 3748 Et
546 3696 612 3750 Hor.
620 3693 674 3749 ol.
723 3694 798 3748 rebat
805 3692 906 3763 gremio
919 3695 1001 3763 turpis
1014 3695 1096 3748 amica
1110 3705 1163 3748 tuo.
1174 3717 1187 3742 ν
1196 3694 1233 3749 Η.

164 3772 215 3839 IV,
225 3788 264 3837 rx,
274 3792 300 3826 rs
311 3793 340 3843 sq
352 3793 358 3825 :
368 3773 538 3841 «vivuntque
545 3771 678 3828 commissi
756 3774 813 3842 373.
835 3776 906 3839 (torti
914 3779 988 3841 pn'us
1006 3786 1045 3829 est
1061 3779 1116 3827 illic
1125 3778 1232 3843 flamm

164 3849 261 3903 calores
273 3849 367 3904 AEolioe
381 3850 477 3908 fidibus
491 3851 590 3918 puellm.
601 3873 615 3899 s
726 3851 891 3920 Chryseidos,
902 3857 1003 3920 aaroni.
1011 3852 1079 3918 Lege
1087 3862 1161 3920 utque
1170 3865 1233 3904 cum

197 3929 253 3999 367.
268 3931 322 3981 Nec
336 3933 403 3990 ribi,
423 3931 562 3991 Bour'ade,
582 3937 676 3989 uocsr’t.
725 3930 891 3992 melioribus3
909 3934 953 3981 s'lls’
968 3932 1046 3986 etiam
1067 3949 1115 4000 pro
1131 3932 1187 3983 illic
1201 3928 1234 3982 in

165 4007 300 4061 Battiades
319 4005 496 4062 Callimachus
512 4006 676 4076 appellatur,
724 4005 825 4060 iisdem.
839 4008 1056 4076 H.-·Quid,m'us
1066 4017 1105 4060 est
1114 4009 1235 4076 silestan-

165 4086 292 4148 aBatto‚
313 4084 417 4156 generis
431 4084 471 4138 sui
490 4094 613 4150 auctore,
632 4087 678 4155 qui
726 4103 781 4145 mo,
801 4094 849 4137 etc.
863 4083 937 4152 Quid
956 4085 984 4138 in
1001 4083 1129 4154 principio
1145 4085 1235 4137 statim

168 4159 304 4235 Cyrensm
315 4161 448 4231 condidit,
461 4161 611 4227 utStraho‚
625 4163 679 4216 He·
727 4160 822 4216 lliados
841 4160 1017 4236 describituri
1030 4172 1101 4215 certe
1120 4160 1236 4231 Agame-

167 4238 290 4306 rodotus,
299 4250 327 4294 et
334 4239 455 4294 Justinus
462 4238 587 4294 scribunt.
596 4237 679 4294 Com·
728 4239 834 4293 muonis
844 4259 920 4293 amor
930 4241 957 4294 in
967 4238 1119 4310 Chryseida.

166 4317 254 4386 posuit
266 4328 355 4372 autem
365 4329 487 4386 poemata
498 4317 571 4372 omni
582 4335 679 4388 genere
760 4317 817 4385 374.
828 4311 1016 4386 Raptopuells.
1031 4316 1128 4370 Briseis
1142 4316 1236 4373 Achilli

168 4395 331 4450 carminum:
340 4394 433 4468 Lyden
443 4395 556 4466 puellam
568 4397 680 4465 amavit,
727 4403 818 4462 erepta
828 4396 860 4447 ab
871 4396 1072 4465 Agamemnone
1089 4416 1095 4449 z
1107 4398 1182 4466 cujus
1198 4393 1238 4448 rei

170 4472 203 4527 de
215 4491 267 4542 qua
277 4473 357 4526 etiam
368 4473 462 4542 elegias
473 4473 582 4542 scripsit.
729 4483 952 4539 causamme-sunt
960 4473 1235 4530 intereosinimicitioe,

201 4552 259 4621 37⁰·
271 4552 383 4605 Etsolet
393 4554 443 4608 bic.
461 4550 535 4605 Malo
549 4555 621 4605 hec:
632 4549 679 4606 l'a-
762 4553 819 4621 376.
838 4555 921 4606 Peo'ra
938 4559 1008 4609 m'rss.
1030 4554 1118 4608 Immo
1130 4556 1232 4619 procis.
