<?xml version="1.0" encoding="UTF-8"?>
<!DOCTYPE html PUBLIC "-//W3C//DTD XHTML 1.0 Transitional//EN"
    "http://www.w3.org/TR/xhtml1/DTD/xhtml1-transitional.dtd">
<html xmlns="http://www.w3.org/1999/xhtml" xml:lang="en" lang="en">
 <head>
  <title>
</title>
<meta http-equiv="Content-Type" content="text/html;charset=utf-8" />
  <meta name='ocr-system' content='tesseract 3.04.00' />
  <meta name='ocr-capabilities' content='ocr_page ocr_carea ocr_par ocr_line ocrx_word'/>
</head>
<body>
  <div class='ocr_page' id='page_1' title='image "./publiiovidiinas04massgoog/publiiovidiinas04massgoog_0372.png"; bbox 0 0 2722 4702; ppageno 0'>
   <div class='ocr_carea' id='block_1_1' title="bbox 142 338 918 424">
    <p class='ocr_par' dir='ltr' id='par_1_1' title="bbox 142 338 918 424">
     <span class='ocr_line' id='line_1_1' title="bbox 142 338 918 424; baseline 0.001 -18"><span class='ocrx_word' id='word_1_1' title='bbox 142 339 209 424; x_wconf 75' lang='lat' dir='ltr'>aot</span> <span class='ocrx_word' id='word_1_2' title='bbox 419 341 458 405; x_wconf 83' lang='lat' dir='ltr'>r.</span> <span class='ocrx_word' id='word_1_3' title='bbox 487 340 666 410; x_wconf 86' lang='lat' dir='ltr'>0v1n11.</span> <span class='ocrx_word' id='word_1_4' title='bbox 687 338 918 407; x_wconf 81' lang='lat' dir='ltr'>nasonrs</span> 
     </span>
    </p>
   </div>
   <div class='ocr_carea' id='block_1_2' title="bbox 144 477 1210 1481">
    <p class='ocr_par' dir='ltr' id='par_1_2' title="bbox 144 477 1210 1481">
     <span class='ocr_line' id='line_1_2' title="bbox 189 477 866 552; baseline -0.003 -1"><span class='ocrx_word' id='word_1_5' title='bbox 189 481 239 551; x_wconf 87' lang='lat' dir='ltr'>Ne</span> <span class='ocrx_word' id='word_1_6' title='bbox 254 493 383 549; x_wconf 76' lang='lat' dir='ltr'><strong>careant</strong></span> <span class='ocrx_word' id='word_1_7' title='bbox 400 504 525 550; x_wconf 89' lang='lat' dir='ltr'>summa</span> <span class='ocrx_word' id='word_1_8' title='bbox 540 480 659 552; x_wconf 90' lang='lat' dir='ltr'>Troica</span> <span class='ocrx_word' id='word_1_9' title='bbox 672 477 740 552; x_wconf 89' lang='lat' dir='ltr'>sata</span> <span class='ocrx_word' id='word_1_10' title='bbox 755 507 866 552; x_wconf 91' lang='lat' dir='ltr'>mann.</span> 
     </span>
     <span class='ocr_line' id='line_1_3' title="bbox 145 591 1205 691; baseline 0.002 -26"><span class='ocrx_word' id='word_1_11' title='bbox 145 595 235 665; x_wconf 83' lang='lat' dir='ltr'>Naso</span> <span class='ocrx_word' id='word_1_12' title='bbox 251 619 368 690; x_wconf 90' lang='lat' dir='ltr'>parum</span> <span class='ocrx_word' id='word_1_13' title='bbox 384 591 548 691; x_wconf 86' lang='lat' dir='ltr'>prudens,</span> <span class='ocrx_word' id='word_1_14' title='bbox 567 596 681 666; x_wconf 80' lang='lat' dir='ltr'><strong>Artem</strong></span> <span class='ocrx_word' id='word_1_15' title='bbox 697 594 775 666; x_wconf 91' lang='lat' dir='ltr'>dum</span> <span class='ocrx_word' id='word_1_16' title='bbox 790 591 892 666; x_wconf 82' lang='lat' dir='ltr'>tradit</span> <span class='ocrx_word' id='word_1_17' title='bbox 907 591 1058 682; x_wconf 82' lang='lat' dir='ltr'>amandi,</span> <span class='ocrx_word' id='word_1_18' title='bbox 1176 617 1205 668; x_wconf 70' lang='grc' dir='ltr'>ιε</span> 
     </span>
     <span class='ocr_line' id='line_1_4' title="bbox 191 708 932 808; baseline 0 -27"><span class='ocrx_word' id='word_1_19' title='bbox 191 708 360 782; x_wconf 81' lang='lat' dir='ltr'>Doctrina</span> <span class='ocrx_word' id='word_1_20' title='bbox 377 710 521 808; x_wconf 90' lang='lat' dir='ltr'>pretium</span> <span class='ocrx_word' id='word_1_21' title='bbox 540 709 632 783; x_wconf 87' lang='lat' dir='ltr'>triste</span> <span class='ocrx_word' id='word_1_22' title='bbox 650 710 805 806; x_wconf 79' lang='lat' dir='ltr'>magister</span> <span class='ocrx_word' id='word_1_23' title='bbox 820 709 932 782; x_wconf 87' lang='lat' dir='ltr'>habet.</span> 
     </span>
     <span class='ocr_line' id='line_1_5' title="bbox 144 826 963 928; baseline -0.002 -27"><span class='ocrx_word' id='word_1_24' title='bbox 144 828 230 901; x_wconf 87' lang='lat' dir='ltr'>Sunt</span> <span class='ocrx_word' id='word_1_25' title='bbox 249 843 355 899; x_wconf 88' lang='lat' dir='ltr'>tamen</span> <span class='ocrx_word' id='word_1_26' title='bbox 372 826 459 900; x_wconf 92' lang='lat' dir='ltr'>inter</span> <span class='ocrx_word' id='word_1_27' title='bbox 476 855 510 901; x_wconf 89' lang='lat' dir='ltr'>se</span> <span class='ocrx_word' id='word_1_28' title='bbox 527 829 713 901; x_wconf 91' lang='lat' dir='ltr'>communia</span> <span class='ocrx_word' id='word_1_29' title='bbox 731 856 820 902; x_wconf 87' lang='lat' dir='ltr'>sacra</span> <span class='ocrx_word' id='word_1_30' title='bbox 837 827 963 928; x_wconf 90' lang='lat' dir='ltr'>poetis,</span> 
     </span>
     <span class='ocr_line' id='line_1_6' title="bbox 194 941 977 1043; baseline 0 -29"><span class='ocrx_word' id='word_1_31' title='bbox 194 941 369 1015; x_wconf 84' lang='lat' dir='ltr'>Diversum</span> <span class='ocrx_word' id='word_1_32' title='bbox 387 941 533 1040; x_wconf 85' lang='lat' dir='ltr'>quamvis</span> <span class='ocrx_word' id='word_1_33' title='bbox 553 943 693 1042; x_wconf 90' lang='lat' dir='ltr'>quisque</span> <span class='ocrx_word' id='word_1_34' title='bbox 712 971 888 1043; x_wconf 90' lang='lat' dir='ltr'>sequamur</span> <span class='ocrx_word' id='word_1_35' title='bbox 906 942 977 1015; x_wconf 90' lang='lat' dir='ltr'>iter.</span> 
     </span>
     <span class='ocr_line' id='line_1_7' title="bbox 148 1056 1186 1158; baseline 0.001 -29"><span class='ocrx_word' id='word_1_36' title='bbox 148 1056 303 1152; x_wconf 87' lang='lat' dir='ltr'>Quomm</span> <span class='ocrx_word' id='word_1_37' title='bbox 322 1074 353 1130; x_wconf 87' lang='lat' dir='ltr'>tc</span> <span class='ocrx_word' id='word_1_38' title='bbox 370 1085 562 1144; x_wconf 83' lang='lat' dir='ltr'>memorem,</span> <span class='ocrx_word' id='word_1_39' title='bbox 582 1086 772 1158; x_wconf 81' lang='lat' dir='ltr'>quanquam</span> <span class='ocrx_word' id='word_1_40' title='bbox 789 1057 905 1158; x_wconf 89' lang='lat' dir='ltr'>procul</span> <span class='ocrx_word' id='word_1_41' title='bbox 920 1059 1097 1145; x_wconf 82' lang='lat' dir='ltr'>absumus,</span> <span class='ocrx_word' id='word_1_42' title='bbox 1116 1084 1186 1131; x_wconf 86' lang='lat' dir='ltr'>csse</span> 
     </span>
     <span class='ocr_line' id='line_1_8' title="bbox 196 1172 1210 1274; baseline -0.005 -28"><span class='ocrx_word' id='word_1_43' title='bbox 196 1173 373 1274; x_wconf 82' lang='lat' dir='ltr'>Suspicor,</span> <span class='ocrx_word' id='word_1_44' title='bbox 392 1191 425 1247; x_wconf 87' lang='lat' dir='ltr'>et</span> <span class='ocrx_word' id='word_1_45' title='bbox 440 1201 535 1246; x_wconf 83' lang='lat' dir='ltr'>rasus</span> <span class='ocrx_word' id='word_1_46' title='bbox 551 1172 632 1245; x_wconf 81' lang='lat' dir='ltr'>velle</span> <span class='ocrx_word' id='word_1_47' title='bbox 647 1172 751 1247; x_wconf 84' lang='lat' dir='ltr'>levare</span> <span class='ocrx_word' id='word_1_48' title='bbox 770 1203 870 1248; x_wconf 89' lang='lat' dir='ltr'>meos.</span> <span class='ocrx_word' id='word_1_49' title='bbox 1177 1207 1210 1243; x_wconf 83' lang='lat'>20</span> 
     </span>
     <span class='ocr_line' id='line_1_9' title="bbox 149 1287 1004 1390; baseline -0.004 -28"><span class='ocrx_word' id='word_1_50' title='bbox 149 1292 197 1365; x_wconf 89' lang='lat' dir='ltr'>Te</span> <span class='ocrx_word' id='word_1_51' title='bbox 217 1289 317 1375; x_wconf 85' lang='lat' dir='ltr'>duce,</span> <span class='ocrx_word' id='word_1_52' title='bbox 337 1289 525 1383; x_wconf 81' lang='lat' dir='ltr'>magnificas</span> <span class='ocrx_word' id='word_1_53' title='bbox 541 1289 627 1362; x_wconf 79' lang='lat' dir='ltr'>Asia</span> <span class='ocrx_word' id='word_1_54' title='bbox 641 1291 868 1390; x_wconf 81' lang='lat' dir='ltr'>perspeximus</span> <span class='ocrx_word' id='word_1_55' title='bbox 883 1287 1004 1375; x_wconf 87' lang='lat' dir='ltr'>urbes;</span> 
     </span>
     <span class='ocr_line' id='line_1_10' title="bbox 196 1404 906 1481; baseline -0.003 -3"><span class='ocrx_word' id='word_1_56' title='bbox 196 1407 363 1481; x_wconf 85' lang='lat' dir='ltr'>Trinacris</span> <span class='ocrx_word' id='word_1_57' title='bbox 381 1425 430 1480; x_wconf 89' lang='lat' dir='ltr'>est</span> <span class='ocrx_word' id='word_1_58' title='bbox 449 1405 551 1479; x_wconf 89' lang='lat' dir='ltr'>oculis</span> <span class='ocrx_word' id='word_1_59' title='bbox 571 1424 601 1480; x_wconf 91' lang='lat' dir='ltr'>te</span> <span class='ocrx_word' id='word_1_60' title='bbox 621 1406 702 1480; x_wconf 88' lang='lat' dir='ltr'>duce</span> <span class='ocrx_word' id='word_1_61' title='bbox 720 1423 799 1478; x_wconf 92' lang='lat' dir='ltr'>uota</span> <span class='ocrx_word' id='word_1_62' title='bbox 817 1404 906 1478; x_wconf 90' lang='lat' dir='ltr'>meis.</span> 
     </span>
    </p>
   </div>
   <div class='ocr_carea' id='block_1_3' title="bbox 149 1521 978 1735">
    <p class='ocr_par' dir='ltr' id='par_1_3' title="bbox 149 1521 978 1735">
     <span class='ocr_line' id='line_1_11' title="bbox 149 1521 978 1623; baseline -0.001 -28"><span class='ocrx_word' id='word_1_63' title='bbox 149 1523 301 1597; x_wconf 87' lang='lat' dir='ltr'>Vidimus</span> <span class='ocrx_word' id='word_1_64' title='bbox 320 1526 445 1597; x_wconf 84' lang='lat' dir='ltr'>AEtnaea</span> <span class='ocrx_word' id='word_1_65' title='bbox 464 1523 577 1596; x_wconf 81' lang='lat' dir='ltr'>caelum</span> <span class='ocrx_word' id='word_1_66' title='bbox 593 1521 817 1623; x_wconf 81' lang='lat' dir='ltr'>splendescere</span> <span class='ocrx_word' id='word_1_67' title='bbox 832 1522 978 1608; x_wconf 85' lang='lat' dir='ltr'>flamma,</span> 
     </span>
     <span class='ocr_line' id='line_1_12' title="bbox 198 1635 958 1735; baseline 0.003 -28"><span class='ocrx_word' id='word_1_68' title='bbox 198 1635 399 1735; x_wconf 84' lang='lat' dir='ltr'>Subpositus</span> <span class='ocrx_word' id='word_1_69' title='bbox 416 1636 520 1707; x_wconf 90' lang='lat' dir='ltr'>monti</span> <span class='ocrx_word' id='word_1_70' title='bbox 541 1664 637 1734; x_wconf 88' lang='lat' dir='ltr'>quam</span> <span class='ocrx_word' id='word_1_71' title='bbox 655 1636 757 1707; x_wconf 87' lang='lat' dir='ltr'>vomit</span> <span class='ocrx_word' id='word_1_72' title='bbox 771 1664 826 1708; x_wconf 91' lang='lat' dir='ltr'>ore</span> <span class='ocrx_word' id='word_1_73' title='bbox 844 1636 958 1730; x_wconf 79' lang='lat' dir='ltr'>gigas3</span> 
     </span>
    </p>
   </div>
   <div class='ocr_carea' id='block_1_4' title="bbox 153 1748 1206 1847">
    <p class='ocr_par' dir='ltr' id='par_1_4' title="bbox 153 1748 1206 1847">
     <span class='ocr_line' id='line_1_13' title="bbox 153 1748 1206 1847; baseline -0.003 -25"><span class='ocrx_word' id='word_1_74' title='bbox 153 1752 380 1847; x_wconf 83' lang='lat' dir='ltr'>Hennaeosque</span> <span class='ocrx_word' id='word_1_75' title='bbox 396 1748 502 1835; x_wconf 86' lang='lat' dir='ltr'>lacus,</span> <span class='ocrx_word' id='word_1_76' title='bbox 522 1765 554 1821; x_wconf 88' lang='lat' dir='ltr'>et</span> <span class='ocrx_word' id='word_1_77' title='bbox 568 1748 687 1823; x_wconf 89' lang='lat' dir='ltr'>olentia</span> <span class='ocrx_word' id='word_1_78' title='bbox 704 1767 818 1846; x_wconf 84' lang='lat' dir='ltr'>stagna</span> <span class='ocrx_word' id='word_1_79' title='bbox 834 1749 962 1839; x_wconf 73' lang='lat' dir='ltr'>Palici,</span> <span class='ocrx_word' id='word_1_80' title='bbox 1173 1769 1206 1821; x_wconf 74' lang='lat'>25</span> 
     </span>
    </p>
   </div>
   <div class='ocr_carea' id='block_1_5' title="bbox 145 1911 1211 4161">
    <p class='ocr_par' dir='ltr' id='par_1_5' title="bbox 145 1911 1211 4161">
     <span class='ocr_line' id='line_1_14' title="bbox 145 1911 1206 1976; baseline 0 -10"><span class='ocrx_word' id='word_1_81' title='bbox 145 1911 267 1967; x_wconf 85' lang='lat' dir='ltr'>manebat</span> <span class='ocrx_word' id='word_1_82' title='bbox 280 1933 287 1974; x_wconf 84' lang='lat'><strong>;</strong></span> <span class='ocrx_word' id='word_1_83' title='bbox 311 1912 446 1964; x_wconf 85' lang='lat' dir='ltr'>Homerus</span> <span class='ocrx_word' id='word_1_84' title='bbox 468 1911 539 1964; x_wconf 89' lang='lat' dir='ltr'>enim</span> <span class='ocrx_word' id='word_1_85' title='bbox 552 1912 649 1965; x_wconf 80' lang='lat' dir='ltr'>beilum</span> <span class='ocrx_word' id='word_1_86' title='bbox 700 1924 728 1968; x_wconf 90' lang='lat' dir='ltr'>et</span> <span class='ocrx_word' id='word_1_87' title='bbox 742 1926 771 1968; x_wconf 89' lang='lat' dir='ltr'>ut</span> <span class='ocrx_word' id='word_1_88' title='bbox 786 1914 881 1969; x_wconf 86' lang='lat' dir='ltr'>cecinit</span> <span class='ocrx_word' id='word_1_89' title='bbox 894 1914 921 1967; x_wconf 92' lang='lat' dir='ltr'>in</span> <span class='ocrx_word' id='word_1_90' title='bbox 935 1912 1044 1965; x_wconf 85' lang='lat' dir='ltr'>Metam.</span> <span class='ocrx_word' id='word_1_91' title='bbox 1057 1911 1100 1965; x_wconf 83' lang='lat' dir='ltr'>tit.</span> <span class='ocrx_word' id='word_1_92' title='bbox 1119 1912 1157 1976; x_wconf 77' lang='lat' dir='ltr'>V,</span> <span class='ocrx_word' id='word_1_93' title='bbox 1169 1931 1206 1966; x_wconf 79' lang='lat' dir='ltr'>rs.</span> 
     </span>
     <span class='ocr_line' id='line_1_15' title="bbox 145 1987 1206 2061; baseline 0 -19"><span class='ocrx_word' id='word_1_94' title='bbox 145 1990 292 2057; x_wconf 82' lang='lat' dir='ltr'>Troianum</span> <span class='ocrx_word' id='word_1_95' title='bbox 301 1987 434 2060; x_wconf 77' lang='lat' dir='ltr'>descripsit</span> <span class='ocrx_word' id='word_1_96' title='bbox 449 2009 530 2058; x_wconf 86' lang='lat' dir='ltr'>usque</span> <span class='ocrx_word' id='word_1_97' title='bbox 543 1990 575 2043; x_wconf 91' lang='lat' dir='ltr'>ad</span> <span class='ocrx_word' id='word_1_98' title='bbox 584 2009 652 2044; x_wconf 75' lang='lat' dir='ltr'>mor</span> <span class='ocrx_word' id='word_1_99' title='bbox 701 1992 750 2059; x_wconf 76' lang='lat'>346</span> <span class='ocrx_word' id='word_1_100' title='bbox 760 2012 826 2061; x_wconf 89' lang='lat' dir='ltr'>sqq:</span> <span class='ocrx_word' id='word_1_101' title='bbox 843 2015 856 2039; x_wconf 76' lang='grc' dir='ltr'>κ</span> <span class='ocrx_word' id='word_1_102' title='bbox 872 1994 951 2045; x_wconf 88' lang='lat' dir='ltr'>Vasta</span> <span class='ocrx_word' id='word_1_103' title='bbox 964 1989 1095 2060; x_wconf 73' lang='lat' dir='ltr'>gigantaeis</span> <span class='ocrx_word' id='word_1_104' title='bbox 1110 1987 1206 2057; x_wconf 77' lang='lat' dir='ltr'>iniecta</span> 
     </span>
     <span class='ocr_line' id='line_1_16' title="bbox 146 2066 1208 2132; baseline 0.001 -13"><span class='ocrx_word' id='word_1_105' title='bbox 146 2079 200 2119; x_wconf 89' lang='lat' dir='ltr'>tem</span> <span class='ocrx_word' id='word_1_106' title='bbox 214 2067 345 2121; x_wconf 76' lang='lat' dir='ltr'>Hectoris.</span> <span class='ocrx_word' id='word_1_107' title='bbox 489 2076 493 2084; x_wconf 93' lang='lat'>&#39;</span> <span class='ocrx_word' id='word_1_108' title='bbox 702 2081 741 2124; x_wconf 88' lang='lat' dir='ltr'>est</span> <span class='ocrx_word' id='word_1_109' title='bbox 762 2071 846 2125; x_wconf 86' lang='lat' dir='ltr'>insuia</span> <span class='ocrx_word' id='word_1_110' title='bbox 866 2068 990 2123; x_wconf 88' lang='lat' dir='ltr'>membris</span> <span class='ocrx_word' id='word_1_111' title='bbox 1012 2066 1164 2132; x_wconf 81' lang='lat' dir='ltr'>Trinacris,</span> <span class='ocrx_word' id='word_1_112' title='bbox 1182 2078 1208 2120; x_wconf 88' lang='lat' dir='ltr'>et</span> 
     </span>
     <span class='ocr_line' id='line_1_17' title="bbox 181 2144 1210 2217; baseline -0.005 -17"><span class='ocrx_word' id='word_1_113' title='bbox 181 2151 218 2214; x_wconf 65' lang='grc' dir='ltr'>ιζ.</span> <span class='ocrx_word' id='word_1_114' title='bbox 238 2151 409 2203; x_wconf 82' lang='lat' dir='ltr'>Troe&#39;cabella.</span> <span class='ocrx_word' id='word_1_115' title='bbox 424 2149 649 2205; x_wconf 78' lang='lat' dir='ltr'>Factaduovete-</span> <span class='ocrx_word' id='word_1_116' title='bbox 703 2147 805 2217; x_wconf 74' lang='lat' dir='ltr'>magnis</span> <span class='ocrx_word' id='word_1_117' title='bbox 828 2148 974 2217; x_wconf 79' lang='lat' dir='ltr'>subjectum</span> <span class='ocrx_word' id='word_1_118' title='bbox 995 2144 1108 2197; x_wconf 81' lang='lat' dir='ltr'>molibus</span> <span class='ocrx_word' id='word_1_119' title='bbox 1135 2157 1210 2213; x_wconf 69' lang='lat' dir='ltr'>urget</span> 
     </span>
     <span class='ocr_line' id='line_1_18' title="bbox 145 2220 1211 2295; baseline -0.008 -16"><span class='ocrx_word' id='word_1_120' title='bbox 145 2243 194 2279; x_wconf 84' lang='lat' dir='ltr'>res.</span> <span class='ocrx_word' id='word_1_121' title='bbox 203 2226 296 2292; x_wconf 85' lang='lat' dir='ltr'>Forte,</span> <span class='ocrx_word' id='word_1_122' title='bbox 310 2227 467 2295; x_wconf 77' lang='lat' dir='ltr'>Tme‘eesata,</span> <span class='ocrx_word' id='word_1_123' title='bbox 480 2238 509 2281; x_wconf 86' lang='lat' dir='ltr'>ut</span> <span class='ocrx_word' id='word_1_124' title='bbox 519 2267 526 2292; x_wconf 84' lang='lat'><em>,</em></span> <span class='ocrx_word' id='word_1_125' title='bbox 537 2231 656 2282; x_wconf 77' lang='lat' dir='ltr'>Illioicta</span> <span class='ocrx_word' id='word_1_126' title='bbox 702 2225 842 2279; x_wconf 80' lang='lat' dir='ltr'>AEtirereas</span> <span class='ocrx_word' id='word_1_127' title='bbox 855 2242 945 2277; x_wconf 87' lang='lat' dir='ltr'>ausum</span> <span class='ocrx_word' id='word_1_128' title='bbox 956 2232 1072 2290; x_wconf 85' lang='lat' dir='ltr'>spectare</span> <span class='ocrx_word' id='word_1_129' title='bbox 1084 2220 1211 2293; x_wconf 65' lang='lat' dir='ltr'>Typhoea</span> 
     </span>
     <span class='ocr_line' id='line_1_19' title="bbox 146 2297 1211 2371; baseline -0.004 -17"><span class='ocrx_word' id='word_1_130' title='bbox 146 2308 201 2356; x_wconf 81' lang='lat' dir='ltr'>sur‘s</span> <span class='ocrx_word' id='word_1_131' title='bbox 218 2306 293 2356; x_wconf 82' lang='lat' dir='ltr'>Tror&#39;a</span> <span class='ocrx_word' id='word_1_132' title='bbox 301 2304 365 2371; x_wconf 66' lang='lat' dir='ltr'>saeta</span> <span class='ocrx_word' id='word_1_133' title='bbox 376 2316 476 2357; x_wconf 76' lang='lat' dir='ltr'>canuae.</span> <span class='ocrx_word' id='word_1_134' title='bbox 493 2305 529 2357; x_wconf 84' lang='lat' dir='ltr'>H.</span> <span class='ocrx_word' id='word_1_135' title='bbox 703 2303 796 2357; x_wconf 86' lang='lat' dir='ltr'>sedes:</span> <span class='ocrx_word' id='word_1_136' title='bbox 810 2300 958 2357; x_wconf 81' lang='lat' dir='ltr'>Nititurilie</span> <span class='ocrx_word' id='word_1_137' title='bbox 967 2297 1084 2369; x_wconf 84' lang='lat' dir='ltr'>quidem,</span> <span class='ocrx_word' id='word_1_138' title='bbox 1097 2307 1211 2368; x_wconf 71' lang='lat' dir='ltr'>pugnat·</span> 
     </span>
     <span class='ocr_line' id='line_1_20' title="bbox 182 2374 1210 2450; baseline -0.006 -17"><span class='ocrx_word' id='word_1_139' title='bbox 182 2381 218 2433; x_wconf 87' lang='lat'>18.</span> <span class='ocrx_word' id='word_1_140' title='bbox 237 2383 369 2434; x_wconf 71' lang='lat' dir='ltr'>Dr&#39;renum</span> <span class='ocrx_word' id='word_1_141' title='bbox 388 2387 442 2434; x_wconf 79' lang='lat' dir='ltr'>r&#39;ter.</span> <span class='ocrx_word' id='word_1_142' title='bbox 468 2382 539 2450; x_wconf 89' lang='lat' dir='ltr'>Quia</span> <span class='ocrx_word' id='word_1_143' title='bbox 564 2383 655 2435; x_wconf 83' lang='lat' dir='ltr'>Macer</span> <span class='ocrx_word' id='word_1_144' title='bbox 702 2400 752 2449; x_wconf 89' lang='lat' dir='ltr'>que</span> <span class='ocrx_word' id='word_1_145' title='bbox 769 2400 904 2448; x_wconf 76' lang='lat' dir='ltr'>resurgere</span> <span class='ocrx_word' id='word_1_146' title='bbox 921 2397 1006 2446; x_wconf 75' lang='lat' dir='ltr'>saepe,</span> <span class='ocrx_word' id='word_1_147' title='bbox 1024 2386 1074 2429; x_wconf 86' lang='lat' dir='ltr'>etc.</span> <span class='ocrx_word' id='word_1_148' title='bbox 1093 2375 1139 2428; x_wconf 82' lang='lat' dir='ltr'>sed</span> <span class='ocrx_word' id='word_1_149' title='bbox 1153 2374 1210 2427; x_wconf 84' lang='lat' dir='ltr'>De·</span> 
     </span>
     <span class='ocr_line' id='line_1_21' title="bbox 145 2453 1207 2527; baseline -0.005 -17"><span class='ocrx_word' id='word_1_150' title='bbox 145 2457 252 2512; x_wconf 85' lang='lat' dir='ltr'>heroico</span> <span class='ocrx_word' id='word_1_151' title='bbox 263 2459 377 2511; x_wconf 87' lang='lat' dir='ltr'>carmine</span> <span class='ocrx_word' id='word_1_152' title='bbox 389 2495 396 2521; x_wconf 87' lang='lat'><em>,</em></span> <span class='ocrx_word' id='word_1_153' title='bbox 406 2457 517 2512; x_wconf 84' lang='lat' dir='ltr'>Ovidius</span> <span class='ocrx_word' id='word_1_154' title='bbox 526 2460 599 2527; x_wconf 76' lang='lat' dir='ltr'>elego</span> <span class='ocrx_word' id='word_1_155' title='bbox 608 2458 652 2510; x_wconf 83' lang='lat' dir='ltr'>flo</span> <span class='ocrx_word' id='word_1_156' title='bbox 702 2468 790 2526; x_wconf 73' lang='lat' dir='ltr'>gravat</span> <span class='ocrx_word' id='word_1_157' title='bbox 803 2458 883 2509; x_wconf 82' lang='lat' dir='ltr'>AEtna</span> <span class='ocrx_word' id='word_1_158' title='bbox 895 2467 974 2523; x_wconf 82' lang='lat' dir='ltr'>eaput</span> <span class='ocrx_word' id='word_1_159' title='bbox 986 2475 994 2507; x_wconf 73' lang='grc' dir='ltr'><strong><em>ε</em></strong></span> <span class='ocrx_word' id='word_1_160' title='bbox 1009 2453 1059 2507; x_wconf 90' lang='lat' dir='ltr'>sub</span> <span class='ocrx_word' id='word_1_161' title='bbox 1071 2472 1123 2522; x_wconf 83' lang='lat' dir='ltr'>qua</span> <span class='ocrx_word' id='word_1_162' title='bbox 1133 2470 1207 2506; x_wconf 85' lang='lat' dir='ltr'>resu-</span> 
     </span>
     <span class='ocr_line' id='line_1_22' title="bbox 148 2533 1207 2602; baseline -0.006 -14"><span class='ocrx_word' id='word_1_163' title='bbox 148 2537 229 2590; x_wconf 82' lang='lat' dir='ltr'>rebat</span> <span class='ocrx_word' id='word_1_164' title='bbox 702 2535 777 2602; x_wconf 88' lang='lat' dir='ltr'>pinus</span> <span class='ocrx_word' id='word_1_165' title='bbox 789 2551 880 2585; x_wconf 78' lang='lat' dir='ltr'>arenas</span> <span class='ocrx_word' id='word_1_166' title='bbox 902 2533 1021 2601; x_wconf 77' lang='lat' dir='ltr'>Eiectat,</span> <span class='ocrx_word' id='word_1_167' title='bbox 1034 2533 1207 2600; x_wconf 82' lang='lat' dir='ltr'>flammasque</span> 
     </span>
     <span class='ocr_line' id='line_1_23' title="bbox 180 2608 1096 2685; baseline -0.004 -20"><span class='ocrx_word' id='word_1_168' title='bbox 180 2634 216 2685; x_wconf 77' lang='lat' dir='ltr'>rq</span> <span class='ocrx_word' id='word_1_169' title='bbox 229 2615 296 2665; x_wconf 82' lang='lat' dir='ltr'>Esse</span> <span class='ocrx_word' id='word_1_170' title='bbox 311 2630 446 2665; x_wconf 81' lang='lat' dir='ltr'>memorem.</span> <span class='ocrx_word' id='word_1_171' title='bbox 470 2612 543 2681; x_wconf 84' lang='lat' dir='ltr'>Quia</span> <span class='ocrx_word' id='word_1_172' title='bbox 563 2613 654 2664; x_wconf 89' lang='lat' dir='ltr'>Macer</span> <span class='ocrx_word' id='word_1_173' title='bbox 706 2611 763 2663; x_wconf 83' lang='lat' dir='ltr'>iero</span> <span class='ocrx_word' id='word_1_174' title='bbox 774 2608 855 2660; x_wconf 87' lang='lat' dir='ltr'>vomit</span> <span class='ocrx_word' id='word_1_175' title='bbox 868 2627 913 2661; x_wconf 91' lang='lat' dir='ltr'>ore</span> <span class='ocrx_word' id='word_1_176' title='bbox 930 2610 1096 2680; x_wconf 75' lang='lat' dir='ltr'>Typhoeus.»</span> 
     </span>
     <span class='ocr_line' id='line_1_24' title="bbox 146 2687 1209 2757; baseline -0.006 -15"><span class='ocrx_word' id='word_1_177' title='bbox 146 2690 244 2744; x_wconf 84' lang='lat' dir='ltr'>viderat</span> <span class='ocrx_word' id='word_1_178' title='bbox 267 2687 355 2743; x_wconf 81' lang='lat' dir='ltr'>Ovidii</span> <span class='ocrx_word' id='word_1_179' title='bbox 373 2699 508 2757; x_wconf 85' lang='lat' dir='ltr'>poemata,</span> <span class='ocrx_word' id='word_1_180' title='bbox 533 2698 558 2740; x_wconf 91' lang='lat' dir='ltr'>et</span> <span class='ocrx_word' id='word_1_181' title='bbox 578 2687 651 2741; x_wconf 78' lang='lat' dir='ltr'>ilium</span> <span class='ocrx_word' id='word_1_182' title='bbox 735 2689 772 2738; x_wconf 72' lang='lat'>25.</span> <span class='ocrx_word' id='word_1_183' title='bbox 788 2688 949 2753; x_wconf 82' lang='lat' dir='ltr'>Henneosqae</span> <span class='ocrx_word' id='word_1_184' title='bbox 965 2692 1054 2748; x_wconf 78' lang='lat' dir='ltr'>lacus,</span> <span class='ocrx_word' id='word_1_185' title='bbox 1075 2697 1100 2739; x_wconf 84' lang='lat' dir='ltr'>et</span> <span class='ocrx_word' id='word_1_186' title='bbox 1114 2688 1209 2738; x_wconf 80' lang='lat' dir='ltr'>oleelr’e</span> 
     </span>
     <span class='ocr_line' id='line_1_25' title="bbox 147 2763 1205 2839; baseline -0.008 -18"><span class='ocrx_word' id='word_1_187' title='bbox 147 2765 266 2839; x_wconf 75' lang='lat' dir='ltr'>ejusdem</span> <span class='ocrx_word' id='word_1_188' title='bbox 287 2764 364 2818; x_wconf 86' lang='lat' dir='ltr'>studii</span> <span class='ocrx_word' id='word_1_189' title='bbox 381 2776 407 2817; x_wconf 89' lang='lat' dir='ltr'>et</span> <span class='ocrx_word' id='word_1_190' title='bbox 433 2783 565 2818; x_wconf 88' lang='lat' dir='ltr'>sacrorum</span> <span class='ocrx_word' id='word_1_191' title='bbox 593 2763 654 2816; x_wconf 83' lang='lat' dir='ltr'>cul·</span> <span class='ocrx_word' id='word_1_192' title='bbox 701 2776 792 2831; x_wconf 69' lang='lat' dir='ltr'>stagna</span> <span class='ocrx_word' id='word_1_193' title='bbox 807 2766 900 2816; x_wconf 78' lang='lat' dir='ltr'>Palici.</span> <span class='ocrx_word' id='word_1_194' title='bbox 920 2767 1094 2833; x_wconf 74' lang='lat' dir='ltr'>Hennaeosque</span> <span class='ocrx_word' id='word_1_195' title='bbox 1105 2764 1205 2817; x_wconf 67' lang='lat' dir='ltr'>sams.</span> 
     </span>
     <span class='ocr_line' id='line_1_26' title="bbox 147 2840 1209 2912; baseline -0.003 -15"><span class='ocrx_word' id='word_1_196' title='bbox 147 2857 232 2898; x_wconf 84' lang='lat' dir='ltr'>torem</span> <span class='ocrx_word' id='word_1_197' title='bbox 249 2842 367 2907; x_wconf 88' lang='lat' dir='ltr'>amabat,</span> <span class='ocrx_word' id='word_1_198' title='bbox 387 2853 529 2908; x_wconf 86' lang='lat' dir='ltr'>autequam</span> <span class='ocrx_word' id='word_1_199' title='bbox 542 2840 569 2892; x_wconf 91' lang='lat' dir='ltr'>in</span> <span class='ocrx_word' id='word_1_200' title='bbox 582 2840 653 2892; x_wconf 78' lang='lat' dir='ltr'>exsi—</span> <span class='ocrx_word' id='word_1_201' title='bbox 702 2844 812 2912; x_wconf 79' lang='lat' dir='ltr'>Argent.</span> <span class='ocrx_word' id='word_1_202' title='bbox 826 2853 852 2895; x_wconf 87' lang='lat' dir='ltr'>et</span> <span class='ocrx_word' id='word_1_203' title='bbox 864 2861 931 2895; x_wconf 91' lang='lat' dir='ltr'>unus</span> <span class='ocrx_word' id='word_1_204' title='bbox 941 2842 1026 2897; x_wconf 85' lang='lat' dir='ltr'>Vatic</span> <span class='ocrx_word' id='word_1_205' title='bbox 1037 2843 1091 2896; x_wconf 92' lang='lat' dir='ltr'>duo</span> <span class='ocrx_word' id='word_1_206' title='bbox 1101 2841 1139 2896; x_wconf 81' lang='lat' dir='ltr'>alii</span> <span class='ocrx_word' id='word_1_207' title='bbox 1152 2843 1209 2895; x_wconf 74' lang='lat' dir='ltr'>Ee·</span> 
     </span>
     <span class='ocr_line' id='line_1_27' title="bbox 145 2919 1208 2991; baseline 0 -17"><span class='ocrx_word' id='word_1_208' title='bbox 145 2921 209 2976; x_wconf 87' lang='lat' dir='ltr'>iium</span> <span class='ocrx_word' id='word_1_209' title='bbox 222 2919 435 2991; x_wconf 85' lang='lat' dir='ltr'>proficisceretur.</span> <span class='ocrx_word' id='word_1_210' title='bbox 449 2919 488 2971; x_wconf 89' lang='grc' dir='ltr'>Μ.</span> <span class='ocrx_word' id='word_1_211' title='bbox 498 2946 531 2958; x_wconf 89' lang='grc'><strong>-</strong></span> <span class='ocrx_word' id='word_1_212' title='bbox 542 2921 653 2983; x_wconf 78' lang='lat' dir='ltr'>Quorum</span> <span class='ocrx_word' id='word_1_213' title='bbox 701 2939 821 2988; x_wconf 73' lang='lat' dir='ltr'>reosque.</span> <span class='ocrx_word' id='word_1_214' title='bbox 832 2920 940 2974; x_wconf 88' lang='lat' dir='ltr'>Dictum</span> <span class='ocrx_word' id='word_1_215' title='bbox 947 2919 979 2973; x_wconf 91' lang='lat' dir='ltr'>de</span> <span class='ocrx_word' id='word_1_216' title='bbox 988 2921 1036 2974; x_wconf 87' lang='lat' dir='ltr'>hac</span> <span class='ocrx_word' id='word_1_217' title='bbox 1044 2941 1106 2975; x_wconf 85' lang='lat' dir='ltr'>voce</span> <span class='ocrx_word' id='word_1_218' title='bbox 1116 2919 1208 2974; x_wconf 86' lang='lat' dir='ltr'>multis</span> 
     </span>
     <span class='ocr_line' id='line_1_28' title="bbox 146 2997 1207 3067; baseline -0.004 -14"><span class='ocrx_word' id='word_1_219' title='bbox 146 3008 172 3053; x_wconf 81' lang='lat' dir='ltr'>te</span> <span class='ocrx_word' id='word_1_220' title='bbox 184 3018 318 3052; x_wconf 81' lang='lat' dir='ltr'>memorem.</span> <span class='ocrx_word' id='word_1_221' title='bbox 339 2997 399 3051; x_wconf 78' lang='lat' dir='ltr'>Sive</span> <span class='ocrx_word' id='word_1_222' title='bbox 417 3015 528 3066; x_wconf 87' lang='lat' dir='ltr'>quarum</span> <span class='ocrx_word' id='word_1_223' title='bbox 547 3015 653 3060; x_wconf 85' lang='lat' dir='ltr'>rerum,</span> <span class='ocrx_word' id='word_1_224' title='bbox 702 2997 734 3051; x_wconf 90' lang='lat' dir='ltr'>ad</span> <span class='ocrx_word' id='word_1_225' title='bbox 747 2999 862 3067; x_wconf 80' lang='lat' dir='ltr'>Raptum</span> <span class='ocrx_word' id='word_1_226' title='bbox 879 2999 1043 3066; x_wconf 69' lang='lat' dir='ltr'>Proserpina}</span> <span class='ocrx_word' id='word_1_227' title='bbox 1059 2997 1207 3053; x_wconf 80' lang='lat' dir='ltr'>Claudiani.</span> 
     </span>
     <span class='ocr_line' id='line_1_29' title="bbox 147 3072 1207 3144; baseline -0.001 -15"><span class='ocrx_word' id='word_1_228' title='bbox 147 3076 283 3142; x_wconf 85' lang='lat' dir='ltr'>videlicet,</span> <span class='ocrx_word' id='word_1_229' title='bbox 294 3075 363 3144; x_wconf 88' lang='lat' dir='ltr'>quod</span> <span class='ocrx_word' id='word_1_230' title='bbox 375 3094 446 3128; x_wconf 87' lang='lat' dir='ltr'>sacra</span> <span class='ocrx_word' id='word_1_231' title='bbox 457 3072 539 3143; x_wconf 83' lang='lat' dir='ltr'>poetis</span> <span class='ocrx_word' id='word_1_232' title='bbox 547 3072 616 3126; x_wconf 86' lang='lat' dir='ltr'>inter</span> <span class='ocrx_word' id='word_1_233' title='bbox 627 3091 654 3126; x_wconf 85' lang='lat' dir='ltr'>sc</span> <span class='ocrx_word' id='word_1_234' title='bbox 701 3076 833 3129; x_wconf 69' lang='lat' dir='ltr'>Praeterea</span> <span class='ocrx_word' id='word_1_235' title='bbox 855 3074 1022 3129; x_wconf 86' lang='lat' dir='ltr'>scribendum</span> <span class='ocrx_word' id='word_1_236' title='bbox 1040 3077 1158 3136; x_wconf 55' lang='lat' dir='ltr'>Patrios,</span> <span class='ocrx_word' id='word_1_237' title='bbox 1178 3085 1207 3128; x_wconf 91' lang='lat' dir='ltr'>ut</span> 
     </span>
     <span class='ocr_line' id='line_1_30' title="bbox 147 3150 1211 3221; baseline -0.003 -13"><span class='ocrx_word' id='word_1_238' title='bbox 147 3155 297 3208; x_wconf 88' lang='lat' dir='ltr'>communia</span> <span class='ocrx_word' id='word_1_239' title='bbox 308 3164 387 3219; x_wconf 87' lang='lat' dir='ltr'>sunt,</span> <span class='ocrx_word' id='word_1_240' title='bbox 400 3154 479 3207; x_wconf 88' lang='lat' dir='ltr'>etiam</span> <span class='ocrx_word' id='word_1_241' title='bbox 495 3150 516 3204; x_wconf 87' lang='lat' dir='ltr'>si</span> <span class='ocrx_word' id='word_1_242' title='bbox 527 3151 574 3220; x_wconf 88' lang='lat' dir='ltr'>ipsi</span> <span class='ocrx_word' id='word_1_243' title='bbox 587 3152 656 3204; x_wconf 89' lang='lat' dir='ltr'>inter</span> <span class='ocrx_word' id='word_1_244' title='bbox 701 3152 734 3206; x_wconf 89' lang='lat' dir='ltr'>sit</span> <span class='ocrx_word' id='word_1_245' title='bbox 745 3152 872 3221; x_wconf 80' lang='lat' dir='ltr'>adpositio</span> <span class='ocrx_word' id='word_1_246' title='bbox 885 3151 1016 3206; x_wconf 80' lang='lat' dir='ltr'>:vidimus</span> <span class='ocrx_word' id='word_1_247' title='bbox 1034 3153 1134 3206; x_wconf 86' lang='lat' dir='ltr'>Palicos</span> <span class='ocrx_word' id='word_1_248' title='bbox 1152 3163 1211 3205; x_wconf 83' lang='lat' dir='ltr'>sta-</span> 
     </span>
     <span class='ocr_line' id='line_1_31' title="bbox 147 3229 1210 3301; baseline -0.004 -16"><span class='ocrx_word' id='word_1_249' title='bbox 147 3252 174 3285; x_wconf 81' lang='lat' dir='ltr'>se</span> <span class='ocrx_word' id='word_1_250' title='bbox 183 3233 283 3286; x_wconf 86' lang='lat' dir='ltr'>diversa</span> <span class='ocrx_word' id='word_1_251' title='bbox 294 3232 423 3285; x_wconf 86' lang='lat' dir='ltr'>scribendi</span> <span class='ocrx_word' id='word_1_252' title='bbox 436 3248 532 3299; x_wconf 76' lang='lat' dir='ltr'>genera</span> <span class='ocrx_word' id='word_1_253' title='bbox 542 3247 656 3298; x_wconf 85' lang='lat' dir='ltr'>sequun-</span> <span class='ocrx_word' id='word_1_254' title='bbox 704 3251 754 3301; x_wconf 74' lang='lat' dir='ltr'>gna</span> <span class='ocrx_word' id='word_1_255' title='bbox 766 3229 870 3282; x_wconf 81' lang='lat' dir='ltr'>olentia.</span> <span class='ocrx_word' id='word_1_256' title='bbox 887 3232 983 3297; x_wconf 62' lang='lat' dir='ltr'>Stagna</span> <span class='ocrx_word' id='word_1_257' title='bbox 994 3232 1136 3282; x_wconf 64' lang='lat' dir='ltr'>Palicorum</span> <span class='ocrx_word' id='word_1_258' title='bbox 1147 3229 1210 3283; x_wconf 79' lang='lat' dir='ltr'>dixit</span> 
     </span>
     <span class='ocr_line' id='line_1_32' title="bbox 149 3306 1211 3378; baseline -0.003 -17"><span class='ocrx_word' id='word_1_259' title='bbox 149 3321 207 3377; x_wconf 87' lang='lat' dir='ltr'>tur,</span> <span class='ocrx_word' id='word_1_260' title='bbox 221 3323 245 3366; x_wconf 90' lang='lat' dir='ltr'>te</span> <span class='ocrx_word' id='word_1_261' title='bbox 255 3330 400 3363; x_wconf 89' lang='lat' dir='ltr'>memorem</span> <span class='ocrx_word' id='word_1_262' title='bbox 410 3329 464 3363; x_wconf 90' lang='lat' dir='ltr'>esse</span> <span class='ocrx_word' id='word_1_263' title='bbox 478 3318 557 3378; x_wconf 86' lang='lat' dir='ltr'>puto,</span> <span class='ocrx_word' id='word_1_264' title='bbox 570 3325 655 3376; x_wconf 88' lang='lat' dir='ltr'>eoque</span> <span class='ocrx_word' id='word_1_265' title='bbox 703 3309 812 3362; x_wconf 88' lang='lat' dir='ltr'>Metam.</span> <span class='ocrx_word' id='word_1_266' title='bbox 822 3308 854 3360; x_wconf 93' lang='lat' dir='ltr'>V.</span> <span class='ocrx_word' id='word_1_267' title='bbox 862 3308 905 3362; x_wconf 89' lang='lat' dir='ltr'>Sic</span> <span class='ocrx_word' id='word_1_268' title='bbox 913 3308 979 3376; x_wconf 86' lang='lat' dir='ltr'>apud</span> <span class='ocrx_word' id='word_1_269' title='bbox 987 3306 1092 3360; x_wconf 69' lang='lat' dir='ltr'>Graecos</span> <span class='ocrx_word' id='word_1_270' title='bbox 1103 3326 1211 3374; x_wconf 85' lang='lat' dir='ltr'>semper</span> 
     </span>
     <span class='ocr_line' id='line_1_33' title="bbox 148 3385 1201 3459; baseline -0.014 -13"><span class='ocrx_word' id='word_1_271' title='bbox 148 3385 296 3440; x_wconf 61' lang='grc' dir='ltr'>111113131ΰὸ</span> <span class='ocrx_word' id='word_1_272' title='bbox 308 3408 380 3441; x_wconf 75' lang='grc' dir='ltr'><strong>111θῦ1</strong></span> <span class='ocrx_word' id='word_1_273' title='bbox 394 3388 486 3439; x_wconf 65' lang='lat' dir='ltr'>ieme·</span> <span class='ocrx_word' id='word_1_274' title='bbox 503 3385 606 3437; x_wconf 71' lang='lat' dir='ltr'>Mlffl·</span> <span class='ocrx_word' id='word_1_275' title='bbox 703 3397 779 3456; x_wconf 69' lang='grc' dir='ltr'>Δίμνη</span> <span class='ocrx_word' id='word_1_276' title='bbox 798 3395 915 3452; x_wconf 67' lang='lat' dir='ltr'>nattam,</span> <span class='ocrx_word' id='word_1_277' title='bbox 929 3397 956 3438; x_wconf 81' lang='lat' dir='ltr'>ei</span> <span class='ocrx_word' id='word_1_278' title='bbox 968 3392 1201 3459; x_wconf 66' lang='lat' dir='ltr'>apariprsssoeic&#39;reoa3</span> 
     </span>
     <span class='ocr_line' id='line_1_34' title="bbox 181 3456 1202 3537; baseline -0.008 -24"><span class='ocrx_word' id='word_1_279' title='bbox 181 3482 220 3514; x_wconf 66' lang='grc' dir='ltr'>αι.</span> <span class='ocrx_word' id='word_1_280' title='bbox 236 3466 271 3514; x_wconf 80' lang='lat' dir='ltr'>Te</span> <span class='ocrx_word' id='word_1_281' title='bbox 280 3468 349 3517; x_wconf 80' lang='lat' dir='ltr'>duce.</span> <span class='ocrx_word' id='word_1_282' title='bbox 362 3463 433 3516; x_wconf 87' lang='lat' dir='ltr'>Corn</span> <span class='ocrx_word' id='word_1_283' title='bbox 442 3463 534 3515; x_wconf 86' lang='lat' dir='ltr'>Macro</span> <span class='ocrx_word' id='word_1_284' title='bbox 547 3460 655 3514; x_wconf 86' lang='lat' dir='ltr'>enimin</span> <span class='ocrx_word' id='word_1_285' title='bbox 704 3466 782 3519; x_wconf 89' lang='lat' dir='ltr'>etiam</span> <span class='ocrx_word' id='word_1_286' title='bbox 795 3471 902 3524; x_wconf 74' lang='grc' dir='ltr'><em>Παλαίνῆ</em></span> <span class='ocrx_word' id='word_1_287' title='bbox 911 3469 1061 3537; x_wconf 64' lang='grc' dir='ltr'>κρηνῆειιεω</span> <span class='ocrx_word' id='word_1_288' title='bbox 1070 3457 1133 3509; x_wconf 88' lang='lat' dir='ltr'>duos</span> <span class='ocrx_word' id='word_1_289' title='bbox 1145 3456 1202 3506; x_wconf 87' lang='lat' dir='ltr'>fra-</span> 
     </span>
     <span class='ocr_line' id='line_1_35' title="bbox 150 3531 1207 3609; baseline -0.01 -15"><span class='ocrx_word' id='word_1_290' title='bbox 150 3539 239 3594; x_wconf 80' lang='lat' dir='ltr'>Asiam</span> <span class='ocrx_word' id='word_1_291' title='bbox 256 3542 384 3609; x_wconf 76' lang='lat' dir='ltr'>navigavit</span> <span class='ocrx_word' id='word_1_292' title='bbox 400 3552 495 3607; x_wconf 85' lang='lat' dir='ltr'>poeta,</span> <span class='ocrx_word' id='word_1_293' title='bbox 518 3550 546 3592; x_wconf 88' lang='lat' dir='ltr'>et</span> <span class='ocrx_word' id='word_1_294' title='bbox 563 3541 590 3592; x_wconf 89' lang='lat' dir='ltr'>in</span> <span class='ocrx_word' id='word_1_295' title='bbox 607 3538 656 3592; x_wconf 86' lang='lat' dir='ltr'>Si·</span> <span class='ocrx_word' id='word_1_296' title='bbox 703 3554 754 3596; x_wconf 83' lang='lat' dir='ltr'>tres</span> <span class='ocrx_word' id='word_1_297' title='bbox 762 3543 833 3595; x_wconf 86' lang='lat' dir='ltr'>Deos</span> <span class='ocrx_word' id='word_1_298' title='bbox 841 3541 939 3595; x_wconf 82' lang='lat' dir='ltr'>Palicos</span> <span class='ocrx_word' id='word_1_299' title='bbox 949 3538 1024 3592; x_wconf 80' lang='lat' dir='ltr'>fuisse</span> <span class='ocrx_word' id='word_1_300' title='bbox 1032 3531 1207 3588; x_wconf 73' lang='lat' dir='ltr'>constat-Vir-</span> 
     </span>
     <span class='ocr_line' id='line_1_36' title="bbox 149 3613 1208 3690; baseline -0.008 -17"><span class='ocrx_word' id='word_1_301' title='bbox 149 3617 240 3673; x_wconf 80' lang='lat' dir='ltr'>tiliam.</span> <span class='ocrx_word' id='word_1_302' title='bbox 258 3645 291 3658; x_wconf 94' lang='lat'><em>-</em></span> <span class='ocrx_word' id='word_1_303' title='bbox 304 3620 376 3670; x_wconf 72' lang='lat' dir='ltr'>Arete</span> <span class='ocrx_word' id='word_1_304' title='bbox 384 3621 556 3684; x_wconf 77' lang='lat' dir='ltr'>perspeximus</span> <span class='ocrx_word' id='word_1_305' title='bbox 573 3621 655 3672; x_wconf 81' lang='lat' dir='ltr'>urbes.</span> <span class='ocrx_word' id='word_1_306' title='bbox 702 3620 763 3690; x_wconf 74' lang='lat' dir='ltr'>gilio</span> <span class='ocrx_word' id='word_1_307' title='bbox 776 3631 880 3682; x_wconf 83' lang='lat' dir='ltr'>tamen,</span> <span class='ocrx_word' id='word_1_308' title='bbox 896 3615 1000 3670; x_wconf 81' lang='lat' dir='ltr'>AEneid.</span> <span class='ocrx_word' id='word_1_309' title='bbox 1013 3615 1053 3677; x_wconf 85' lang='lat' dir='ltr'>X,</span> <span class='ocrx_word' id='word_1_310' title='bbox 1065 3613 1208 3678; x_wconf 69' lang='lat' dir='ltr'>placatius</span> 
     </span>
     <span class='ocr_line' id='line_1_37' title="bbox 149 3691 1209 3761; baseline -0.008 -10"><span class='ocrx_word' id='word_1_311' title='bbox 149 3693 304 3751; x_wconf 78' lang='lat' dir='ltr'>Patauinum</span> <span class='ocrx_word' id='word_1_312' title='bbox 322 3698 483 3760; x_wconf 77' lang='lat' dir='ltr'>perrexe&#39;mus.</span> <span class='ocrx_word' id='word_1_313' title='bbox 497 3693 610 3747; x_wconf 65' lang='lat' dir='ltr'>Frento.</span> <span class='ocrx_word' id='word_1_314' title='bbox 624 3722 657 3735; x_wconf 89' lang='lat'>·-·</span> <span class='ocrx_word' id='word_1_315' title='bbox 701 3719 749 3752; x_wconf 86' lang='lat' dir='ltr'>ara</span> <span class='ocrx_word' id='word_1_316' title='bbox 760 3701 849 3750; x_wconf 76' lang='lat' dir='ltr'>Palici.</span> <span class='ocrx_word' id='word_1_317' title='bbox 868 3695 957 3750; x_wconf 88' lang='lat' dir='ltr'>Sedet</span> <span class='ocrx_word' id='word_1_318' title='bbox 975 3691 1025 3745; x_wconf 77' lang='lat' dir='ltr'>itte</span> <span class='ocrx_word' id='word_1_319' title='bbox 1037 3709 1143 3760; x_wconf 87' lang='lat' dir='ltr'>quoque</span> <span class='ocrx_word' id='word_1_320' title='bbox 1160 3711 1209 3761; x_wconf 79' lang='lat' dir='ltr'>per</span> 
     </span>
     <span class='ocr_line' id='line_1_38' title="bbox 150 3769 1208 3846; baseline -0.005 -17"><span class='ocrx_word' id='word_1_321' title='bbox 150 3775 326 3841; x_wconf 75' lang='lat' dir='ltr'>Pmspexeirrus</span> <span class='ocrx_word' id='word_1_322' title='bbox 338 3769 452 3840; x_wconf 81' lang='lat' dir='ltr'>plurimi.</span> <span class='ocrx_word' id='word_1_323' title='bbox 702 3776 891 3846; x_wconf 68' lang='lat' dir='ltr'>adpetitionem</span> <span class='ocrx_word' id='word_1_324' title='bbox 901 3772 968 3827; x_wconf 88' lang='lat' dir='ltr'>sumi</span> <span class='ocrx_word' id='word_1_325' title='bbox 979 3781 1071 3841; x_wconf 80' lang='lat' dir='ltr'>potest</span> <span class='ocrx_word' id='word_1_326' title='bbox 1080 3770 1172 3824; x_wconf 83' lang='lat' dir='ltr'>Posset</span> <span class='ocrx_word' id='word_1_327' title='bbox 1182 3782 1208 3824; x_wconf 90' lang='lat' dir='ltr'>et</span> 
     </span>
     <span class='ocr_line' id='line_1_39' title="bbox 183 3846 1208 3922; baseline -0.007 -14"><span class='ocrx_word' id='word_1_328' title='bbox 183 3875 222 3908; x_wconf 83' lang='lat' dir='ltr'>aa.</span> <span class='ocrx_word' id='word_1_329' title='bbox 245 3854 280 3904; x_wconf 76' lang='lat' dir='ltr'>Te</span> <span class='ocrx_word' id='word_1_330' title='bbox 293 3853 354 3903; x_wconf 79' lang='lat' dir='ltr'>dece</span> <span class='ocrx_word' id='word_1_331' title='bbox 365 3857 421 3903; x_wconf 80' lang='lat' dir='ltr'>visa</span> <span class='ocrx_word' id='word_1_332' title='bbox 433 3856 501 3905; x_wconf 67' lang='lat' dir='ltr'>mers.</span> <span class='ocrx_word' id='word_1_333' title='bbox 518 3855 585 3906; x_wconf 83' lang='lat' dir='ltr'>Nota</span> <span class='ocrx_word' id='word_1_334' title='bbox 597 3871 655 3906; x_wconf 88' lang='lat' dir='ltr'>me·</span> <span class='ocrx_word' id='word_1_335' title='bbox 702 3853 767 3922; x_wconf 81' lang='lat' dir='ltr'>legi,</span> <span class='ocrx_word' id='word_1_336' title='bbox 785 3857 878 3906; x_wconf 82' lang='lat' dir='ltr'>olentia</span> <span class='ocrx_word' id='word_1_337' title='bbox 889 3861 980 3917; x_wconf 71' lang='lat' dir='ltr'>stam</span> <span class='ocrx_word' id='word_1_338' title='bbox 995 3853 1116 3908; x_wconf 65' lang='lat' dir='ltr'>Patrem.</span> <span class='ocrx_word' id='word_1_339' title='bbox 1135 3861 1164 3903; x_wconf 89' lang='lat' dir='ltr'>ut</span> <span class='ocrx_word' id='word_1_340' title='bbox 1176 3846 1208 3901; x_wconf 84' lang='lat' dir='ltr'>ad</span> 
     </span>
     <span class='ocr_line' id='line_1_40' title="bbox 150 3929 1206 4000; baseline -0.009 -13"><span class='ocrx_word' id='word_1_341' title='bbox 150 3935 227 3989; x_wconf 86' lang='lat' dir='ltr'>liores</span> <span class='ocrx_word' id='word_1_342' title='bbox 243 3940 399 3988; x_wconf 81' lang='lat' dir='ltr'>constanter.</span> <span class='ocrx_word' id='word_1_343' title='bbox 419 3933 456 3983; x_wconf 88' lang='lat' dir='ltr'>H.</span> <span class='ocrx_word' id='word_1_344' title='bbox 702 3931 827 4000; x_wconf 87' lang='lat' dir='ltr'>oppidum</span> <span class='ocrx_word' id='word_1_345' title='bbox 842 3938 940 3991; x_wconf 68' lang='lat' dir='ltr'>{latisin</span> <span class='ocrx_word' id='word_1_346' title='bbox 950 3969 957 3995; x_wconf 88' lang='lat'>‚</span> <span class='ocrx_word' id='word_1_347' title='bbox 968 3940 1060 3999; x_wconf 73' lang='lat' dir='ltr'>stagno</span> <span class='ocrx_word' id='word_1_348' title='bbox 1073 3929 1206 3988; x_wconf 84' lang='lat' dir='ltr'>vicinum,</span> 
     </span>
     <span class='ocr_line' id='line_1_41' title="bbox 183 3999 1204 4081; baseline -0.016 -15"><span class='ocrx_word' id='word_1_349' title='bbox 183 4011 656 4081; x_wconf 70' lang='lat' dir='ltr'>24.Subpose&#39;tusmoeti.Finguntpoe·</span> <span class='ocrx_word' id='word_1_350' title='bbox 701 4009 801 4062; x_wconf 88' lang='lat' dir='ltr'>innuat.</span> <span class='ocrx_word' id='word_1_351' title='bbox 820 4009 872 4062; x_wconf 79' lang='lat' dir='ltr'>Adi</span> <span class='ocrx_word' id='word_1_352' title='bbox 889 4007 1004 4063; x_wconf 86' lang='lat' dir='ltr'>Siciliam</span> <span class='ocrx_word' id='word_1_353' title='bbox 1028 3999 1204 4062; x_wconf 81' lang='lat' dir='ltr'>accuratissimi</span> 
     </span>
     <span class='ocr_line' id='line_1_42' title="bbox 152 4084 881 4161; baseline -0.011 -17"><span class='ocrx_word' id='word_1_354' title='bbox 152 4101 182 4145; x_wconf 66' lang='grc' dir='ltr'>ιε</span> <span class='ocrx_word' id='word_1_355' title='bbox 194 4111 210 4146; x_wconf 87' lang='lat' dir='ltr'>a</span> <span class='ocrx_word' id='word_1_356' title='bbox 222 4093 290 4148; x_wconf 81' lang='lat' dir='ltr'>Jove</span> <span class='ocrx_word' id='word_1_357' title='bbox 306 4088 474 4147; x_wconf 80' lang='lat' dir='ltr'>fulminatum</span> <span class='ocrx_word' id='word_1_358' title='bbox 488 4088 655 4161; x_wconf 57' lang='lat' dir='ltr'>Typhonem</span> <span class='ocrx_word' id='word_1_359' title='bbox 705 4084 829 4141; x_wconf 80' lang='lat' dir='ltr'>Cluserii.</span> <span class='ocrx_word' id='word_1_360' title='bbox 844 4086 881 4138; x_wconf 89' lang='lat' dir='ltr'>H.</span> 
     </span>
    </p>
   </div>
   <div class='ocr_carea' id='block_1_6' title="bbox 0 0 1377 4702">
    <p class='ocr_par' dir='ltr' id='par_1_6' title="bbox 0 0 1377 4702">
     <span class='ocr_line' id='line_1_43' title="bbox 0 0 1377 4702; baseline 0 0"><span class='ocrx_word' id='word_1_361' title='bbox 0 0 1377 4702; x_wconf 95' lang='lat' dir='ltr'> </span> 
     </span>
    </p>
   </div>
  </div>
 </body>
</html>
