2722 4702
64 428 69 433 ,
156 352 224 436 404
422 350 460 413 P.
498 347 678 416 ovmrr
706 346 935 419 uasours

206 491 337 564 Gratius
355 515 392 561 ex
408 487 483 588 ipso
501 485 592 560 fonte
607 488 774 562 bibuntur
791 517 901 591 aquae:

155 611 199 682 Et
214 608 317 702 magis
333 604 477 678 adducto
494 634 629 707 pomum
648 605 817 707 decerpere
833 636 944 696 ramo,

203 723 314 818 Quam
331 721 371 795 de
390 719 498 794 caelata
516 748 642 795 sumere
659 720 768 808 lance,
783 722 883 820 juvat.

153 837 201 910 At
215 837 281 909 nisi
297 863 500 936 peccassem,
517 835 582 909 nisi
598 864 650 909 me
665 863 735 911 mea
753 837 853 910 Musa
868 835 1026 930 fugasset,

204 954 307 1051 Quod
325 952 408 1049 legi,
425 972 480 1027 tua
499 981 562 1025 vox
578 953 781 1027 exhibuisset
797 981 894 1052 opus.

153 1072 266 1169 thue
281 1070 329 1142 fni
344 1067 477 1155 solitus,
495 1067 652 1143 sedissem
667 1067 807 1141 forsitan
823 1096 911 1142 unus

202 1183 254 1255 De
271 1200 402 1256 centum
417 1181 516 1281 judex
532 1182 639 1255 intua
655 1181 753 1254 verba
768 1181 855 1255 viris.

155 1297 263 1396 Major
279 1314 311 1368 et
324 1293 492 1396 implesset
509 1294 688 1395 precordia
706 1311 820 1368 nostra
837 1291 1009 1393 voluptas,

89 1417 94 1424 ’
203 1415 318 1510 Quum
335 1412 480 1486 traherer
498 1411 596 1486 dictis
612 1411 854 1510 adnueremque
873 1410 949 1482 tuis.

153 1529 262 1625 Quem
280 1528 435 1627 quoniam
455 1526 576 1613 satum,
593 1526 688 1598 vobis
704 1525 875 1625 patriaque
891 1522 1031 1612 relictis,

200 1647 290 1737 Inter
305 1643 503 1714 inhumanos
522 1640 639 1714 maluit
654 1669 724 1715 esse
742 1642 864 1715 Getas:

152 1757 254 1854 Quod
270 1757 366 1842 licet,
386 1772 425 1826 nt
441 1755 552 1829 videar
568 1773 675 1829 tecum
692 1758 795 1852 magis
815 1785 903 1846 esse,
924 1755 1077 1855 legendo,

199 1872 311 1971 Saepe,
332 1897 463 1970 precor,
480 1869 583 1944 studii
600 1871 738 1971 pignora
754 1872 848 1946 mitte
865 1875 933 1948 tui:

151 1987 379 2089 Exemploque
397 2015 490 2076 meo,
509 1987 575 2061 nisi
592 1988 778 2085 dedignaris
797 1989 831 2062 id
848 1991 973 2089 ipsum,

199 2106 325 2179 Utere:
341 2104 431 2204 quod
448 2104 548 2178 uobis
565 2105 686 2178 rectius
703 2104 774 2205 ipse
790 2105 893 2180 dares.

148 2222 300 2321 Namque
316 2248 397 2315 ego,
416 2221 472 2320 qui
490 2220 572 2320 perii
587 2222 653 2320 jam
671 2221 818 2322 pridem,
835 2221 994 2310 Maxime,
1012 2224 1122 2313 vobis,

196 2338 335 2433 Ingenio
355 2336 446 2409 nitor
461 2364 529 2408 uon
545 2338 682 2438 periisse
699 2366 783 2411 meo.

149 2453 265 2526 Redde
284 2451 407 2536 vieem3
427 2477 486 2523 nec
504 2480 574 2525 rara
594 2453 643 2524 tui
654 2470 865 2524 monumenta
882 2450 1005 2529 laboris

198 2565 372 2666 decipiant
389 2583 526 2654 nostrae,
545 2582 636 2660 grata
651 2565 777 2654 sutura,
796 2593 921 2638 manus.

147 2683 211 2755 Dic
230 2700 356 2767 tamen,
376 2709 397 2752 o
412 2680 541 2779 juvenis
557 2678 742 2754 studiorum
757 2679 854 2781 plene
870 2710 1034 2773 meorum,

197 2795 327 2897 Ecquid
343 2795 384 2869 ab
402 2796 455 2868 his
471 2792 554 2893 ipsis
573 2793 767 2872 admoneare
785 2799 873 2872 mei?

147 2913 294 3015 Ecquid,
310 2910 369 2987 ubi
384 2929 443 2983 aut
455 2912 573 2984 recitas
589 2910 709 2986 sactum
725 2915 825 2988 modo
843 2944 973 2991 carmen
990 2923 1121 3008 amicis,

178 3096 217 3130 ao.
233 3078 313 3143 Quam
324 3078 355 3128 de
364 3077 543 3129 lancecelata.
558 3074 649 3143 Quam
698 3098 758 3132 mox
769 3118 776 3143 ,
789 3086 947 3153 exemploque
956 3089 1017 3137 mei.
1039 3105 1087 3154 pro
1096 3089 1205 3142 meede-

144 3158 176 3210 de
190 3157 274 3225 aliqua
286 3155 390 3223 patina,
403 3165 429 3208 et
441 3174 499 3206 vase
509 3153 616 3222 sculpto.
697 3177 755 3210 cem
767 3169 884 3225 veteres,
899 3171 925 3213 et
939 3162 1029 3214 nostri.

178 3255 216 3286 aa.
229 3235 285 3285 Tua
293 3253 350 3286 vot.
361 3232 419 3285 Tua
430 3232 554 3285 recitatio.
563 3230 650 3286 Multo
730 3236 769 3287 3².
796 3239 871 3301 Quod
881 3241 951 3291 nobis
967 3243 1066 3291 rectius.
1084 3242 1204 3296 Minores

35 3330 37 3338 ·
145 3312 650 3382 magisenimvivavoxadfieit.-Exki·
696 3313 769 3364 enim
789 3332 803 3364 a
820 3315 961 3383 majoribus
978 3328 1067 3386 petere
1086 3322 1204 3389 exempla

144 3394 244 3443 tenses.
264 3391 323 3444 Hoc
336 3401 389 3455 est,
401 3388 582 3454 audivissem,
594 3407 649 3440 non
697 3389 801 3443 debent.
821 3392 908 3444 Porr.

144 3466 262 3536 legissem
275 3468 421 3519 orationem
435 3476 514 3517 tuam.
729 3469 769 3533 34.
780 3471 882 3534 Ingenio
892 3479 940 3521 ete.
952 3470 1044 3523 Scribo
1054 3471 1085 3521 ad
1097 3489 1140 3521 vos
1150 3489 1199 3523 ste·

177 3541 216 3593 ab.
225 3544 292 3594 Dum
300 3543 465 3593 trahemus
472 3545 554 3591 dictas.
570 3543 649 3606 Qum
697 3544 770 3611 pius,
783 3555 809 3595 et
818 3561 849 3594 eo
858 3554 931 3610 paeto
941 3564 1022 3597 conor
1029 3545 1098 3596 vobis
1108 3545 1200 3600 absen-

144 3617 269 3673 Heinsius
281 3616 362 3669 edidit
373 3635 403 3667 ex
415 3615 543 3669 codicibus
553 3634 649 3687 magno
697 3620 785 3685 tibus,
805 3630 926 3687 tanquam
943 3620 1110 3688 presentibus
1129 3622 1202 3693 lrui,

144 3711 265 3752 nurnero.
276 3720 309 3732 -
320 3693 412 3759 Quum
423 3694 554 3747 dicentem
564 3704 588 3746 te
602 3714 650 3747 au·
696 3707 723 3750 et
735 3696 815 3748 videri
828 3716 882 3749 esse
893 3697 1021 3751 vobiscum
1035 3736 1043 3763 ,
1062 3709 1089 3751 et
1108 3721 1165 3756 uon
1176 3706 1203 3758 in

143 3774 238 3838 ditem,
248 3781 274 3824 et
283 3770 308 3820 in
320 3771 449 3824 tuaverba
457 3782 482 3824 et
491 3772 648 3825 senteutiam
696 3774 792 3826 exsilio.

143 3853 287 3907 adducerer
294 3849 345 3903 tuis
358 3851 508 3904 rationibus.
728 3850 767 3920 tq
786 3852 910 3918 Ecqur'bos
923 3860 970 3903 aa!
986 3860 1087 3908 recitas.
1105 3859 1204 3927 Ecquid

174 3952 214 4003 ²9·
237 3930 273 3982 Il!
295 3928 384 3980 otim
401 3937 478 3979 tecum
497 3934 578 3996 ηιμ)
594 3947 649 3982 esse
695 3928 1200 4002 ubr'recitasnonnulliseribeEcquibns

140 4011 250 4075 le5ealo.
262 4005 352 4061 Codex
362 4002 503 4073 Scaligeri,
515 4008 643 4070 loquendo,
695 4011 841 4068 at-recr'tass
862 4019 889 4061 et
903 4029 972 4078 pone
991 4012 1197 4081 interrogationis

140 4095 170 4136 ut
192 4096 218 4138 et
242 4083 283 4138 alii
306 4080 444 4147 nonnulli;
463 4079 510 4137 sed
531 4078 647 4134 frustra:
695 4090 785 4134 notan
796 4095 855 4150 post
871 4085 930 4153 illa,
947 4093 1055 4156 quartat
1068 4099 1113 4141 raa
1129 4106 1196 4140 neas
