2722 4702
155 320 199 389 30
355 288 358 292 ’
432 321 472 386 r.
503 321 684 391 ovi-nn
710 322 936 395 ursonis

202 460 367 559 Tempore
383 459 430 533 sio
448 458 532 533 duro
547 479 595 534 est
609 460 810 563 inspicienda
826 462 918 538 tides.

154 575 245 649 Dum
259 576 371 674 juvat,
392 593 424 649 et
441 575 534 650 vultu
552 576 639 652 ridet
655 577 789 652 fortuna
805 608 937 670 sereno,

204 691 403 768 indelibatas
419 712 536 769 cuncto
553 712 740 795 sequuntur
756 725 837 798 opes
849 710 874 772 :'

155 807 202 881 At
219 807 318 882 simul
335 809 500 895 intonuit,
519 808 671 906 lugiunt3
686 839 746 885 nec
764 812 913 889 noscitur
928 812 1011 904 ulti,

90 985 94 993 .
205 923 406 1021 Agminihus
422 926 579 1001 comitum
597 927 654 1027 qui
674 927 774 1003 modo
791 926 919 1004 cinctus
937 949 1016 1005 erat.

156 1040 269 1140 Atque
285 1039 372 1128 huc,
390 1040 547 1143 exemplis
566 1043 735 1144 quondam
749 1043 886 1121 collecta
903 1047 1067 1148 priorum,
1175 1039 1178 1046 ¹

205 1157 304 1229 Nune
320 1157 402 1230 mihi
423 1177 500 1234 sunt
517 1160 664 1261 propriis
684 1163 907 1260 cognitorem
924 1163 1028 1240 malis.
1133 1158 1137 1165 ⁹

161 1272 228 1359 Vix
244 1273 310 1347 duo
325 1291 452 1360 tresve,
469 1274 552 1347 mihi
570 1275 610 1350 (le
630 1293 680 1350 tot
695 1280 895 1379 superestis,
912 1280 1030 1354 antici:
1057 1276 1059 1280 ’

209 1388 335 1462 Cetera
349 1389 507 1473 fortune,
525 1415 593 1461 non
609 1416 701 1478 mea,
719 1393 816 1466 turha
831 1393 904 1467 fuit.

161 1505 240 1603 Quo
256 1503 379 1598 magis,
399 1502 552 1602 optinui,
571 1503 672 1581 rebus
688 1509 868 1582 succurrite
886 1507 1004 1609 lapsis,

207 1625 253 1695 Et
269 1620 345 1693 date
363 1620 536 1715 naufragio
553 1620 651 1696 litora
669 1640 739 1697 tutu
758 1652 852 1698 meo:

159 1737 250 1814 Neve
266 1743 354 1810 metu
371 1734 454 1814 lalso
470 1737 608 1812 nimium
625 1739 803 1841 trepidate,
824 1740 975 1815 timentes

209 1855 281 1927 Hac
299 1852 488 1928 offendatur
504 1882 544 1930 ne
561 1855 683 1957 pietate
699 1858 801 1932 Deus.

162 1971 255 2072 Saepe
271 1969 369 2045 fidem
385 1971 529 2048 adversis
544 1973 643 2049 etiam
659 1972 804 2049 laudavit
817 1975 851 2048 in
868 1975 987 2064 armis,

179 2110 182 2115 '
209 2089 316 2188 Inque
333 2085 401 2159 suis
419 2105 507 2162 amat
521 2087 608 2163 hanc
625 2090 754 2179 Caesar,
776 2092 811 2165 in
828 2092 924 2166 hoste
941 2089 1072 2192 probat.

163 2203 270 2281 Causa
287 2233 357 2278 mea
374 2224 424 2280 est
438 2204 569 2294 melior,
588 2206 645 2309 qui
664 2237 733 2282 non
750 2209 915 2283 nonmaria
932 2206 1000 2280 sovi

209 2323 331 2409 Amen
351 2321 408 2395 sed
427 2322 511 2397 hanc
527 2324 631 2398 merui
649 2322 857 2424 simplicitate
874 2323 997 2415 sugam.

161 2436 318 2534 lusigiles
334 2435 436 2533 igitur
449 2440 573 2513 nostris
590 2468 651 2540 pro
668 2439 799 2511 casibus
817 2465 896 2519 oro,

215 2551 365 2626 Dimioui
381 2550 408 2625 si
428 2579 491 2649 qua
509 2550 653 2625 numinis
669 2551 716 2624 iro
734 2567 851 2650 potest.

166 2669 256 2745 Scire
272 2695 364 2741 meos
380 2667 409 2761 si
425 2663 616 2765 quiseasus
632 2665 796 2743 desideret
811 2692 947 2753 omnes,
1191 2658 1239 2748 '4⁵-

198 2850 238 2901 ²7·
251 2829 408 2898 Dumjmt.
421 2826 485 2897 Opt.
503 2827 675 2897 Vsticjusst.
722 2846 883 2898 quamquam
899 2835 927 2881 et
943 2824 1054 2880 alterum
1073 2831 1159 2893 potest
1176 2819 1229 2874 sd-

166 2909 237 2963 Puto
241 2906 323 2976 soret.
335 2907 435 2960 Hltns.
723 2907 791 2960 mitti
801 2927 807 2959 :
816 2907 853 2960 sie
861 2905 940 2959 Trist
954 2903 988 2970 V,
1005 2902 1077 2972 Eleg.
1092 2917 1114 2953 tr
1124 2941 1132 2968 ,
1143 2920 1168 2953 v.
1180 2903 1227 2966 41:

199 2990 238 3043 28.
257 2990 421 3041 Iudels'batas.
440 2985 541 3040 llloesas.
556 2983 675 3038 Mn.-
724 3011 737 3036 «ι
748 2989 813 3059 Quo
825 2989 911 3056 seror,
924 2983 1170 3056 undepetomlapsis
1180 3000 1228 3034 so·

167 3067 241 3140 Opes
253 3067 384 3137 integras,
397 3064 471 3118 nullo
484 3063 569 3117 adhuc
579 3083 638 3117 casu
648 3073 675 3117 et
722 3068 783 3123 latis
789 3067 866 3121 rebus
874 3066 904 3119 i»
913 3065 957 3119 ubi
964 3060 1229 3119 similisdiversitosiu

169 3146 330 3200 dettimeulo
343 3143 502 3197 imminutas·
520 3144 616 3196 Cuma
627 3161 674 3193 ἐθ-
722 3147 822 3216 scriptis
835 3146 1040 3216 exemplaribus‚·
1054 3143 1159 3198 Gratius
1169 3142 1230 3214 cy-

168 3236 280 3294 qsuntur.
295 3222 368 3291 Quia
382 3221 499 3276 lelieibus
511 3218 543 3275 etl
554 3220 676 3274 voluuta-
724 3225 843 3296 negetico
860 3245 867 3278 ς
882 3249 895 3271 «ι
914 3226 954 3278 Te
964 3226 1097 3295 primum,
1110 3222 1229 3274 Vulrane

169 3318 224 3375 tem
235 3303 324 3359 fluunt
335 3307 432 3357 omnia.
446 3305 531 3358 Portu.
724 3303 787 3369 loci,
809 3322 949 3374 pacemque
969 3320 1123 3372 precamur,
1142 3296 1229 3353 Incola

202 3383 242 3440 30.
267 3383 417 3449 Agniuibus
439 3388 563 3434 comitum.
586 3382 677 3437 Turba
724 3392 827 3446 ssnrte,
845 3392 933 3446 tuom,
946 3381 991 3433 des
1001 3381 1075 3450 lapsis
1085 3378 1175 3430 ultima
1185 3393 1232 3426 re·

168 3460 321 3526 clientium,
333 3458 677 3528 seupotiusassentatorum.
725 3459 773 3512 bus
794 3458 932 3511 Auxilia.»
953 3459 1094 3528 Perperam
1111 3460 1174 3522 ipsis
1189 3471 1230 3504 η·

173 3527 261 3597 pm,
726 3540 773 3589 bus
785 3553 856 3590 nunc
870 3537 970 3607 legitur.
981 3537 1074 3606 Neque
1085 3529 1230 3587 stiterVir-

205 3620 245 3672 δα.
257 3616 480 3676 Nsucmlisum
496 3615 610 3669 Naems'hr‘
619 3614 678 3668 sra-
727 3613 800 3684 3ilius
809 3613 903 3682 aliique
914 3634 945 3667 ex
955 3616 1059 3686 optimis
1066 3608 1231 3679 scriptoribus

173 3705 311 3770 gnteutum
318 3692 407 3756 ttevii,
417 3701 446 3745 ut
455 3691 490 3745 ito
497 3691 569 3760 Eleu.
580 3707 624 3757 vr,
636 3693 676 3760 ιθ,
727 3692 827 3760 passim.
843 3693 941 3746 Hurus.

170 3777 228 3830 ‹luo
236 3771 296 3827 libri
306 3791 313 3825 ι
325 3772 371 3824 Nae
384 3766 485 3836 ritem
496 3772 680 3836 w'ls’ssbpeds'·
759 3772 799 3835 ts.
813 3772 899 3822 Causa
908 3790 964 3823 m
973 3778 1015 3822 est
1024 3770 1116 3820 metior.
1128 3761 1233 3833 Coniu-

171 3850 360 3921 busprejocetp
374 3846 432 3900 vide
440 3845 473 3900 sd
484 3844 596 3916 Quintil.
606 3843 680 3900 Ded.
727 3847 857 3902 ustionem
871 3859 897 3901 et
909 3847 1128 3917 conspirationem
1141 3856 1232 3898 coutrs

176 3928 245 3995 vu,
258 3947 282 4000 9.
294 3926 392 3979 Bm.
728 3926 878 3997 Augustum
889 3927 1026 3996 iutelligit:
1040 3922 1073 3976 tle
1085 3942 1136 3993 quo
1146 3924 1190 3976 tio
1203 3920 1231 3976 ll

208 4006 248 4060 35.
256 4007 341 4059 Rebus
348 4006 562 4057 succurritelaessls.
573 4000 625 4056 Alii
630 4005 681 4055 Ias·
729 4015 755 4060 et
768 4005 825 4072 lll,
839 4003 912 4074 Eleg.
925 4023 949 4056 v.
962 4004 1038 4057 lllsu.

175 4092 231 4155 ὡς
250 4085 371 4142 meliores
382 4087 478 4152 tepus,
492 4081 564 4152 quot
572 4100 680 4152 sequor,
760 4085 1035 4150 &studentum
1044 4083 1232 4136 vestiemus·
