2716 5214
68 39 1002 409 -
1018 40 1022 85 Ι

311 847 588 925 uersurum
610 821 715 927 um?
736 861 766 928 1.
791 862 939 933 nuno.
965 867 1034 936 rx.

189 998 329 1071 Pectora
345 988 501 1099 processu
518 998 602 1074 sacta
618 1028 732 1075 serena
749 1017 820 1076 tuo.

146 1116 219 1189 lloo
237 1134 429 1192 eventumm
442 1117 509 1215 jam
527 1135 612 1206 tum,
633 1119 819 1209 carissime,
834 1120 923 1211 vidi,

193 1232 310 1307 Ferret
325 1231 431 1305 adhue
445 1231 542 1306 istam
559 1261 663 1333 quum
679 1232 790 1305 minor
804 1262 883 1306 aura
898 1253 1011 1312 ratem.

146 1347 216 1422 Sive
231 1347 368 1451 aliquod
383 1375 531 1437 morum,
551 1376 609 1422 seu
622 1349 696 1422 vitae
712 1347 785 1422 labe
801 1351 942 1424 carentis

190 1467 254 1538 Est
268 1465 427 1567 pretinm;
443 1492 541 1539 nemo
559 1463 665 1567 pluris
680 1463 853 1539 habendus
867 1466 939 1540 erit.

149 1579 217 1654 Sive
233 1610 293 1681 per
307 1581 471 1676 ingenuas
485 1578 607 1680 aliquis
624 1596 725 1680 eaput
740 1579 859 1653 extulit
874 1599 979 1673 artes;
1034 1573 1040 1583 ⁵

191 1694 359 1793 Quaelibet
376 1694 510 1795 eloquio
526 1693 565 1767 fis
577 1694 669 1769 bona
683 1724 779 1770 eausa
796 1713 866 1770 tuo.

148 1810 203 1886 llis
218 1839 283 1907 ego
301 1828 503 1897 commotus,
520 1809 589 1884 (liri
608 1810 670 1885 tibi
688 1812 841 1913 protinus
858 1812 947 1916 ipsi:

189 1928 291 2002 Scena
310 1933 421 2001 manet
437 1925 529 2000 dotes
545 1927 696 2024 grandis,
715 1926 831 2016 amice,
848 1945 931 2003 tuas.

146 2039 219 2115 llaec
233 2040 316 2116 mihi
331 2070 401 2115 non
417 2041 528 2115 orium
544 2040 652 2130 librae,
669 2040 849 2116 tonitrusve
867 2040 1009 2134 sinistri,

145 2202 191 2269 lv,
200 2202 240 2257 ΕΙ.
247 2220 286 2271 vs,
294 2223 361 2258 nas·
372 2203 575 2274 Mensquemali
586 2225 650 2260 sen·
698 2204 759 2260 cuti.
773 2226 786 2251 υ
810 2205 936 2276 Epicedio
954 2206 1056 2277 Drusi,
1078 2210 1206 2268 Eremos

144 2299 198 2333 sum
219 2290 308 2334 nostra
324 2283 434 2336 recentis
450 2282 536 2336 babet.
550 2304 565 2329 »
584 2282 650 2352 Epi·
693 2303 788 2351 paecor.
807 2284 872 2336 lrlox
890 2290 1045 2340 amoram
1061 2307 1109 2357 pro
1123 2296 1206 2355 nisus

143 2357 209 2411 stola
225 2356 347 2423 Paridis,
363 2364 440 2412 sentes
455 2380 510 2414 nea
528 2364 648 2423 onlnem
698 2361 825 2429 meliores.
838 2362 938 2417 Halos.

143 2440 233 2489 sertis.
242 2435 342 2488 Herus.
352 2461 386 2476 ·-
396 2437 489 2506 Incipit
498 2438 540 2492 bie
551 2458 649 2492 novam
730 2438 770 2504 la.
782 2441 863 2493 Istam
873 2429 959 2494 latens.
973 2442 1013 2495 ‘l'e
1024 2441 1109 2512 ipsum
1122 2454 1149 2498 et
1158 2443 1202 2497 in-

143 2513 649 2583 Etegtamfmcot.1aetdemssemens
695 2517 813 2587 genum.

144 2604 169 2645 et
182 2591 292 2661 quidam
306 2592 358 2646 alii.
373 2592 508 2663 Crispinus
520 2615 582 2650 vero
597 2616 648 2651 no·
730 2597 770 2662 44.
782 2599 1139 2666 Nemplsrrtemesdsserat.
1146 2602 1204 2654 Ha·

143 2688 200 2723 ram
209 2669 329 2742 Elegiam
337 2671 445 2726 inchoat
454 2691 468 2724 a
477 2672 649 2745 distichoprae·
695 2675 790 2726 leudos
800 2684 856 2729 cra!
865 2677 940 2746 prim.
953 2676 1072 2729 Vatican.
1088 2687 1115 2729 et
1127 2677 1204 2745 prim.

144 2749 261 2816 cedenti,
278 2768 332 2820 quo
348 2760 476 2817 auctore,
496 2751 592 2806 nescio.
603 2753 649 2808 llla
695 2749 1204 2811 Palat.hubendsserr'talterl'olitlt'ot·

143 2840 228 2883 autem
238 2848 386 2896 pmsettsu,
410 2827 513 2882 nullum
530 2830 594 2884 mibi
610 2832 649 2885 vi-
696 2827 834 2897 tendorplr.
856 2840 883 2883 et
900 2829 954 2882 (luo
969 2830 1011 2883 alii
1030 2849 1037 2884 ι
1053 2830 1143 2905 probe.
1159 2833 1204 2888 sic

144 2902 239 2958 dentur
249 2904 343 2959 babere
355 2923 471 2959 sensum.
489 2906 594 2963 Merula
603 2927 649 2963 er·
697 2905 792 2960 Cicero
801 2906 1073 2979 Philippicabzl'lbs's
1079 2912 1204 2965 bribate-

68 3045 70 3053 ,
143 2983 236 3051 plicat,
249 3002 296 3053 pro
313 2982 485 3052 intelligentia
498 2996 543 3040 tua
556 2996 583 3040 et
596 2986 647 3041 slo-
693 2993 745 3046 tur.
758 3004 832 3054 quam
841 2989 921 3055 aaut}
928 3006 979 3057 pro
985 2986 1143 3055 estimatum
1156 2991 1204 3045 Ju-

144 3059 241 3125 ctrina3
254 3060 384 3133 quosdam
400 3061 479 3115 etiam
493 3064 529 3117 ait
542 3064 646 3133 legere,
695 3065 802 3131 venalis,
812 3066 905 3140 Satyra
915 3068 1004 3136 rsj'ex
1015 3069 1127 3139 antiquis
1135 3069 1203 3124 eodi-

141 3134 268 3211 proph
280 3143 333 3203 Μ,
345 3148 375 3193 ut
386 3139 419 3193 sit
430 3159 480 3212 pro
492 3140 584 3201 auditu
597 3160 649 3195 no-
695 3140 1200 3216 cibus:«Visneatuurisicursejanus,
1239 3192 1241 3199 ,

144 3216 217 3272 ruinis
230 3217 280 3274 tui.
293 3214 470 3274 Omls'm'a
481 3258 490 3285 ,
502 3212 598 3276 effla
608 3218 651 3274 le-
696 3216 785 3274 baberi
798 3220 996 3287 Tantundem
1013 3247 1027 3272 s
1040 3224 1084 3277 ubi
1101 3226 1129 3278 in
1147 3225 1204 3279 rul-

144 3311 203 3361 pore
212 3305 241 3348 et
251 3295 349 3366 gratia:
360 3296 410 3367 agit
423 3296 497 3351 enim
512 3295 542 3351 sle
555 3299 651 3350 incre-
696 3297 760 3369 petis
771 3310 812 3353 est
821 3304 916 3356 tatem.
931 3303 1032 3357 Hatris.

143 3385 234 3427 mento
254 3373 331 3428 amici
347 3376 403 3443 soi,
424 3374 497 3445 quod
516 3375 580 3429 olim
594 3375 650 3443 jam
728 3379 768 3444 45.
781 3377 1202 3446 &irminpenuasmartmar-
1245 3376 1251 3391 ’

88 3500 92 3508 ,
145 3462 359 3520 auguratuserat,
368 3464 395 3507 et
402 3472 476 3507 nunc
482 3452 650 3522 obponirsue
696 3464 736 3508 tes
748 3452 883 3522 liberales,
895 3455 1016 3525 ingenuis
1025 3457 1123 3527 diguus.

144 3529 301 3596 calamitati,
319 3541 346 3584 et
356 3531 524 3586 decremento
539 3534 650 3602 propriu
728 3534 768 3599 48.
780 3535 860 3585 Scena
871 3539 1041 3589 manerdores.
1056 3536 1138 3586 Dotes
1148 3533 1202 3587 istm

145 3607 262 3660 fortune
271 3628 277 3661 ι
287 3627 365 3677 quare
375 3609 504 3682 legerem:
514 3633 527 3659 u
540 3612 650 3666 Pectora
695 3609 938 3679 aliquandomaguo
943 3611 1045 3662 theatro
1052 3611 1202 3676 spectabun-

145 3702 270 3752 processu
289 3684 357 3739 lacta
377 3706 464 3742 serena
484 3699 537 3743 tuo.
555 3690 650 3741 »Pro-
696 3697 747 3740 tur.
760 3689 869 3741 Bnnssr.

144 3758 245 3826 cessus,
263 3772 301 3815 est
312 3763 520 3832 incrementum,
537 3764 648 3835 gradus,
728 3768 767 3836 49
785 3766 842 3816 Hoc
855 3765 924 3816 m'bt'·
944 3763 1006 3814 Haec
1021 3761 1147 3818 meliores·
1162 3765 1200 3820 H.

144 3839 307 3910 eujusglossa
314 3852 354 3894 est
358 3855 493 3909 provectus,
500 3853 649 3912 proventus,-
695 3871 728 3882 —
739 3844 796 3893 Hoc
812 3844 877 3894 mibi
888 3860 938 3894 uon
954 3845 1034 3894 ostiens
1041 3844 1122 3911 fibro.
1138 3845 1199 3898 Non

144 3915 263 3972 Juvenal.
284 3920 370 3992 Satyr.
384 3920 417 3986 l,
434 3941 499 3975 vers.
517 3923 550 3976 38
566 3940 572 3974 :
586 3942 600 3966 ι
616 3922 649 3975 ln
696 3920 880 3986 divinavibmc,
890 3921 1202 3992 tanquamlraruspex,e1

145 3996 232 4051 uelum
244 4012 311 4068 quos
322 3999 425 4068 evehit,
437 4002 535 4070 optima
552 3999 650 4053 summi
695 3998 846 4053 animalium
862 4001 925 4054 extis
943 4020 949 4053 :
966 3999 1028 4054 iude
1046 4001 1201 4073 extispices,

145 4074 219 4131 Nune
229 4081 271 4133 via
288 4099 441 4150 processus,
459 4079 552 4135 vetula
565 4081 648 4133 vesica
695 4079 862 4147 extispicium.
875 4082 1019 4133 Tonr'trusre
1027 4083 1131 4132 sinistri.
1144 4080 1201 4132 Di-

149 4152 231 4209 beatse.
243 4182 256 4206 »
268 4160 369 4213 Boset.
695 4157 819 4211 vinabant
834 4159 913 4210 etiam
934 4177 982 4225 per
998 4156 1121 4224 fulgura,
1143 4176 1201 4225 que

180 4235 219 4298 tr.
232 4238 284 4290 1100
295 4241 491 4291 otiosarum.
510 4238 566 4288 Hoc
577 4255 650 4288 eren·
696 4234 874 4288 observabant.
885 4235 959 4287 Lesa
968 4235 979 4300 (
988 4243 1092 4288 auctore
1102 4235 1201 4302 Plinio)

144 4318 227 4362 tumus
233 4314 306 4380 prim.
314 4315 391 4369 Polit.
399 4314 477 4383 prim.
488 4313 571 4367 varie
583 4332 650 4367 uuus
696 4330 817 4382 prospera
829 4311 1059 4377 existimabantur,
1076 4314 1202 4379 quoniam

146 4387 304 4455 Medieeus,
322 4404 346 4445 et
360 4391 553 4461 Rottendorpb.
567 4392 649 4446 bene:
696 4392 758 4445 leva
774 4402 846 4461 parte
862 4391 956 4444 muudi
976 4402 1049 4446 ortus
1063 4402 1102 4445 est
1119 4411 1125 4445 :
1143 4403 1201 4446 tum

147 4466 185 4519 alii
193 4477 385 4534 egomturum,
397 4471 651 4535 velmr'ls'oentmm
697 4491 753 4543 quae
765 4472 839 4525 nobis
852 4471 954 4525 sinistra
963 4481 1041 4536 sunt,
1053 4488 1083 4523 ea
1095 4471 1201 4541 Superis

148 4544 224 4599 Pout.
239 4545 299 4611 lll,
315 4545 383 4618 Elep.
396 4567 441 4616 lv,
454 4569 490 4602 vs.
504 4550 550 4602 113
567 4568 600 4602 :s
615 4549 651 4601 Dr
697 4549 785 4603 (lextra
796 4548 899 4601 demitti
906 4546 1200 4609 credrrntur;vislel'lu-

150 4642 260 4692 quorum
270 4627 372 4681 monitu
380 4649 470 4685 sumus
480 4630 652 4686 ererrturalo—
696 4628 778 4684 tarch.
791 4627 891 4696 Quaest.
902 4645 970 4680 rom.
981 4629 1021 4695 78.
1032 4626 1118 4680 Pom.
