2716 5214
312 814 584 885 TRISTIUM
611 816 714 884 LIB.
746 819 776 886 1.
806 820 955 892 ELEG.
983 828 1037 896 11.
1166 835 1206 900 15

133 961 200 1033 Est
216 957 360 1060 aliquid,
376 958 485 1033 satore
501 985 563 1031 suo
576 956 703 1032 ferrove
719 959 888 1036 cadentem

186 1078 229 1148 lu
245 1075 339 1150 solitu
358 1075 501 1149 moriens
516 1103 641 1177 ponere
659 1105 780 1178 corpus
798 1078 922 1154 humo:

135 1195 203 1266 Est
219 1193 367 1267 mandata
384 1192 453 1267 suis
470 1190 598 1293 aliquid
614 1220 745 1293 sperare
764 1193 933 1295 sepulcra,

93 1388 96 1395 ,
187 1311 233 1382 Et
248 1338 313 1384 uon
331 1306 494 1410 aequoreis
511 1307 659 1409 piscibus
676 1337 746 1384 esse
763 1310 885 1383 cibum.

132 1424 263 1520 Fingite
279 1451 331 1498 me
347 1422 486 1519 dignum
502 1420 558 1496 uti
576 1451 654 1498 nece
669 1450 678 1494 ε
694 1453 764 1499 uon
780 1453 842 1521 ego
858 1423 952 1501 solus

182 1541 246 1615 Hic
263 1541 366 1615 vehor
382 1569 390 1612 :
407 1539 590 1614 immeritos
607 1568 666 1613 cur
681 1568 753 1616 mea
772 1568 871 1641 poeua
887 1540 1022 1617 trahit?

134 1656 225 1731 Proh
241 1657 382 1758 Superi,
400 1655 587 1758 viridesque
603 1657 686 1745 Dei,
706 1657 831 1759 quibus
846 1685 978 1759 equora
993 1663 1097 1736 cure!

180 1777 332 1876 Utraque
345 1776 412 1876 jam
427 1791 551 1849 uestras
567 1775 672 1850 sistite
690 1775 789 1850 turba
807 1775 924 1849 minas.
1166 1782 1200 1854 oo

131 1890 313 1990 Quamque
329 1889 418 1964 dedit
433 1890 531 1964 vitem
548 1890 723 1965 mitissima
743 1888 882 1963 Caesaris
898 1890 969 1980 ira,

182 2007 278 2080 Hauc
294 2005 517 2081 sinite-infelix
535 2007 569 2080 in
585 2006 656 2080 loco
670 2007 760 2106 jussa
773 2006 887 2080 seram.

130 2119 185 2207 si,
205 2149 301 2220 quum
318 2121 519 2209 commerui,
536 2148 668 2222 poeuam
687 2149 739 2194 me
754 2119 897 2223 pendere
916 2118 1037 2210 vultis,

180 2233 288 2335 Culpa
303 2263 374 2309 mea
390 2252 456 2325 est,
472 2234 547 2335 ipso
562 2234 691 2333 judice,
709 2252 815 2308 morte
834 2233 952 2307 minor.

166 2397 208 2448 53.
221 2399 271 2448 Est
282 2402 388 2466 ate'qre‘d,
395 2398 641 2468 saroqresroserro-
691 2421 704 2446 α
717 2396 1144 2469 Displicethoeredimandatieure
1151 2419 1194 2454 se·

127 2495 181 2545 que
193 2479 329 2529 cadentem.
343 2481 449 2533 cadero
458 2479 511 2534 duo
520 2491 635 2545 veterem
687 2478 778 2546 pulcri.
789 2499 802 2523 ν
819 2478 919 2531 Hzms.

124 2554 203 2607 sorte
219 2556 354 2608 cadentis:
369 2555 460 2624 reliqui
474 2557 529 2612 iere
543 2563 637 2612 cadeae·
719 2559 759 2611 58.
770 2558 822 2609 Ile'c
828 2559 921 2620 veho&
933 2557 982 2607 dec
991 2555 1098 2623 plurimi
1105 2555 1193 2625 scripti

124 2635 207 2692 dom,
227 2651 278 2701 pro
295 2637 436 2687 cadentum.
451 2635 551 2688 Mortui
563 2636 636 2690 enim
684 2646 712 2689 et
723 2635 804 2689 editi:
816 2634 903 2701 sorte,
917 2638 982 2694 tac,
999 2635 1109 2700 scilicet,
1125 2636 1193 2687 novi.

126 2728 183 2763 uon
195 2723 334 2780 ponuntse
344 2712 371 2766 iu
381 2724 465 2781 terra,
479 2714 524 2768 sed
532 2733 636 2784 ponun-
684 2715 786 2769 Notum
804 2726 860 2782 est,
879 2734 963 2768 uuum
980 2714 1087 2766 noxium
1101 2754 1109 2779 ,
1126 2734 1193 2783 scepe

127 2801 180 2843 tur.
196 2791 265 2862 Lege
281 2793 363 2847 etiam
375 2793 467 2861 satore
482 2814 528 2846 suo
538 2793 636 2861 serron
683 2795 792 2847 exitium
810 2792 883 2860 aliis,
904 2793 996 2846 eadem
1017 2792 1077 2844 navi
1093 2793 1192 2861 vectis,

127 2887 188 2936 qua
199 2888 231 2922 eo
240 2880 374 2940 spectant,
390 2880 419 2924 ut
430 2880 543 2924 mortem
555 2878 636 2941 sporr-
682 2870 814 2926 creditum
827 2871 958 2923 concitare
976 2889 1066 2939 posse3
1083 2869 1141 2923 vide
1159 2871 1194 2925 ad

129 2958 233 3001 teneam
248 2969 263 3003 a
279 2949 394 3003 violenta
412 2949 560 3020 distinguat.
578 2948 635 3005 Se·
683 2947 1193 3022 Hor.111,0d.1r,v.261qq.-'-Pmt

129 3029 218 3095 quenti
227 3048 302 3082 versu
312 3029 339 3082 in
349 3029 551 3099 plurimissolr'la
558 3032 635 3083 bum
681 3033 779 3099 Superi,
797 3029 890 3100 quibus
905 3030 933 3084 iu
946 3040 1037 3086 ventos
1048 3042 1168 3100 potestas.

128 3123 176 3172 pro
186 3110 268 3159 solida
279 3127 287 3158 .·
299 3106 348 3160 hoe
362 3117 414 3172 est,
427 3107 497 3176 quod
503 3105 634 3161 Tristium
715 3109 755 3161 fio.
771 3109 964 3177 [seraquerurta.
974 3108 1009 3161 Et
1016 3107 1070 3165 celi
1078 3119 1105 3165 et
1112 3107 1191 3163 maris

127 3184 169 3238 lib.
181 3185 228 3252 IV,
240 3185 281 3239 ΕΙ,
294 3187 389 3252 ruffi,
397 3186 472 3247 dicit,
483 3197 578 3240 tactam
585 3205 634 3237 aa·
683 3188 736 3240 Dii.
750 3189 826 3242 Mum

127 3269 208 3317 scetii
216 3267 317 3316 humum
326 3284 334 3316 :
344 3287 356 3310 s
369 3265 403 3318 Et
416 3264 514 3317 cinisio
529 3262 634 3317 tumulo
713 3265 753 3319 62.
766 3268 796 3318 In
807 3270 865 3319 loca
872 3266 949 3332 jum
956 3305 964 3330 ,
983 3275 1032 3320 etc.
1046 3266 1079 3318 In
1090 3265 1190 3318 Ponti-

125 3342 224 3413 positus
246 3344 364 3412 jacuisset
388 3346 476 3411 avito,
498 3345 633 3412 Tectaque
680 3365 739 3399 carn
753 3365 836 3398 oram.

125 3422 245 3475 uasoemi
260 3439 352 3491 corpus
370 3421 478 3475 haberet
494 3423 601 3475 humus.
618 3441 632 3469 υ
712 3425 752 3477 63.
765 3427 920 3492 Se'quom'aem
935 3428 1139 3491 neminem.
1152 3442 1191 3477 nee

127 3501 220 3570 virgil.
230 3499 293 3552 AEu.
307 3502 359 3569 IX,
373 3503 421 3554 213
434 3521 440 3552 :
455 3522 468 3546 o
481 3500 522 3554 Sit
532 3500 577 3569 qui
588 3517 632 3553 me
675 3507 778 3570 perdere
790 3506 874 3554 vultis.
889 3505 999 3556 Perdere
1011 3520 1081 3555 uuus
1094 3499 1190 3552 Medi-

129 3590 234 3647 raptum
252 3598 335 3648 pugna
349 3582 467 3651 pretiove
483 3579 632 3633 redemtum
679 3600 740 3633 oeus
753 3599 802 3649 pro
816 3579 917 3630 diversa
928 3578 1056 3640 lectione;
1071 3579 1190 3631 Rotteu-

127 3655 245 3709 Mandet
254 3655 335 3710 humo
343 3660 430 3723 solitu
441 3667 499 3722 aut,
512 3657 532 3710 si
544 3677 592 3727 qua
604 3657 632 3711 id
678 3654 816 3725 dorphiou.
824 3656 959 3720 prendere.-
974 3663 1099 3719 praterea
1112 3651 1188 3719 prim.

125 3733 546 3802 fortunaverabtt,Absentiterat
557 3735 631 3789 iufe-
677 3733 760 3785 editio
776 3741 802 3782 et
819 3729 873 3781 duo
886 3726 990 3796 scripti,
1005 3731 1032 3778 si
1040 3745 1114 3794 quam
1123 3750 1187 3796 pro·

125 3812 191 3878 rias,
206 3811 366 3882 decoretque
377 3811 501 3883 sepulcro.
513 3833 527 3858 s
542 3813 579 3866 H.
678 3814 756 3864 merui
763 3826 773 3874 ‚·
790 3828 849 3876 sex,
863 3812 994 3878 sr'quoque
1004 3827 1077 3877 quam
1087 3816 1168 3863 merui
1174 3827 1185 3875 ,·

157 3896 242 3947 55-Et
249 3896 371 3946 mandare
381 3898 535 3961 sacratique,
544 3903 570 3944 et
577 3911 630 3960 spe«
677 3885 787 3941 totidem
799 3905 947 3956 quamquem
959 3892 1052 3950 memi‚·
1067 3898 1119 3956 opt.
1130 3889 1188 3940 Va-

122 3991 179 4025 rare
189 3976 339 4042 sepulcrum.
359 3972 452 4043 Scripti
469 3972 524 4024 sere
539 3990 631 4025 omnes
678 3968 754 4021 tiezo.
773 3975 801 4021 si
815 3974 1004 4035 memr'paenam
1017 3988 1186 4038 quamquam

122 4054 221 4118 alt'qm'd
227 4068 343 4118 ,σμῆνα
360 4052 416 4118 rel,
429 4053 529 4119 ati'qutd
536 4058 561 4103 et
571 4070 630 4116 spe·
678 4045 731 4097 duo
741 4053 800 4114 quia
810 4066 885 4115 qoam
896 4051 1000 4107 merue't3
1013 4046 1062 4098 alia
1075 4045 1186 4099 veterri-

124 4147 194 4193 νοω·
208 4142 262 4184 tres
273 4133 381 4198 aliquod
384 4147 394 4194 ‚·
408 4127 570 4181 Combiauus
580 4133 632 4183 ali·
677 4124 1184 4193 maeditioque‘acommemr'.8cribe:«Si‚

127 4223 186 4270 910:
197 4226 265 4261 unus
277 4208 421 4262 Vaticanus
439 4211 525 4273 alima
533 4225 632 4274 sperare
678 4222 757 4272 quam
770 4203 931 4269 commerui,
944 4220 1049 4271 poenam
1061 4220 1103 4256 me
1111 4220 1184 4271 peu-

127 4288 241 4347 sepum.
252 4286 342 4341 Scribe
354 4306 360 4338 :
372 4308 385 4329 α
396 4284 443 4337 Est
451 4284 570 4337 mandata
578 4285 630 4338 suis
678 4284 739 4338 dere
751 4284 835 4336 vultis.
849 4305 863 4329 ν
874 4282 952 4335 Trist
965 4283 1009 4336 tit.
1017 4282 1058 4348 tl,
1072 4284 1102 4348 4:
1115 4302 1128 4326 o
1139 4280 1183 4332 Au

125 4358 462 4431 aliquidsqeraresepulcra.
471 4383 484 4408 o
494 4362 534 4415 ltu
541 4372 568 4414 et
576 4380 631 4413 nu·
676 4360 756 4416 semel
765 4373 803 4415 est
818 4379 923 4429 poenam
934 4359 1119 4414 commeruisse
1130 4378 1183 4427 pa·-

124 4435 211 4495 meri.
229 4443 271 4507 qui
283 4442 402 4496 duriores
418 4452 507 4509 erant,
521 4453 631 4497 consta-
677 4441 758 4494 rum?
772 4461 786 4486 »
798 4467 831 4478 ·-
843 4443 953 4493 Pendere
960 4458 1058 4507 penam
1070 4436 1184 4491 familia·

124 4517 193 4569 bunt
206 4517 293 4569 venui
301 4558 308 4583 ‚
315 4533 340 4573 et
350 4539 449 4574 sensus.
460 4521 584 4574 Mandata
589 4540 632 4572 se·
677 4523 712 4575 ris
720 4519 815 4574 locutio
824 4519 933 4573 Nasoni:
942 4519 1042 4572 Fastor.
1051 4517 1109 4581 lll,
1121 4516 1182 4578 845:

122 4600 230 4660 pulcra,
255 4605 284 4648 ut
304 4597 493 4656 Fostorrrmlib.
511 4599 630 4665 moy:
682 4597 806 4665 «Capitis
825 4616 882 4664 quae
901 4596 1016 4664 pendere
1036 4611 1123 4662 poeuas
1143 4589 1184 4641 Et<
