2722 4702
168 333 234 398 300
445 328 483 390 P.
515 325 698 394 OVIDII
727 324 956 393 NASONIS

218 445 377 568 lixtioiiar
392 460 483 539 uiola
500 452 653 566 spa'igdr‘e'
669 450 776 541 simin
792 452 915 540 himo:

170 578 246 690 Neo
256 566 405 683 diib'itein
423 574 535 681 longis
550 574 691 685 purgfai'e
709 561 879 675 ligonibis
894 562 990 663 aava·

224 696 270 769 Et
288 688 380 781 dare,
400 698 482 794 quas
498 678 613 768 silieus
631 681 799 801 combibit
812 688 949 783 hortiis,
961 681 1079 796 'aquid
1204 720 1237 770 δι,

172 792 291 908 findi,
309 802 367 885 sid
383 806 448 884 hoc
466 798 584 897 uobis,
602 795 773 915 minimum
792 810 877 913 quos
892 786 977 884 intdr
989 797 1024 884 lt
1039 806 1171 885 hiisdem

221 918 407 1003 Disciimen
424 914 539 1001 murus
557 911 733 1027 clausiqi'e
750 894 965 1027 portdldcit?

171 1047 218 1119 At
235 1045 297 1118 tibi
314 1043 482 1131 nascenti,
498 1042 590 1143 quod
608 1059 681 1116 toto
698 1059 831 1144 pectore
848 1040 962 1130 lator,

220 1164 350 1234 Norunt
364 1159 480 1234 fatales
497 1159 594 1231 fortia
611 1157 664 1232 lrla
682 1160 770 1232 Dea.

172 1277 221 1348 Te
237 1275 337 1349 modo
355 1304 492 1376 campus
508 1274 630 1359 habet,
646 1273 746 1347 densa
757 1271 859 1345 modo
874 1271 1022 1372 porticus
1038 1270 1176 1355 umbra;
1202 1293 1236 1343 os

222 1393 338 1479 Nunc,
358 1392 393 1463 in
409 1419 476 1491 qno
493 1419 600 1490 ponas
619 1408 766 1490 tempora
783 1416 873 1475 rara,
890 1386 1009 1461 lorum.

177 1506 314 1578 Umbria
333 1535 421 1579 nunc
439 1522 590 1592 revocat;
610 1533 754 1579 necnon
772 1501 902 1578 Albana
919 1521 1080 1605 petentem

224 1620 334 1719 Appia
350 1621 487 1693 ferventi
504 1619 595 1692 ducit
609 1620 644 1691 in
660 1646 736 1692 arna
753 1635 835 1691 rota.

174 1734 329 1808 Forsitan
346 1732 401 1804 hic
419 1750 531 1832 optes,
552 1751 591 1806 ut
606 1733 727 1832 justam
744 1734 930 1835 supprimat
945 1734 1025 1807 iram

224 1852 352 1934 Caesar,
370 1866 403 1922 et
422 1849 605 1950 hospitium
622 1851 666 1924 sit
682 1869 738 1925 tua
754 1849 830 1925 villa
848 1879 965 1925 meum.
1206 1890 1239 1944 7⁰

172 1964 249 2037 th!
267 1961 407 2037 nimium
424 1980 494 2053 est,
513 1965 620 2065 quod,
639 1965 761 2055 amice,
784 1965 885 2068 petis!
901 1963 1103 2038 moderatius
1121 1981 1214 2064 opta,

204 2120 243 2180 56.
254 2127 421 2185 Metabum.
432 2128 563 2186 Proseissa
575 2141 653 2184 terra.
730 2130 832 2200 inquit,
850 2130 963 2199 porticus
979 2128 1062 2198 aliqua
1078 2147 1142 2183 cum
1157 2130 1238 2185 bortis

203 2211 243 2279 59·
262 2208 374 2277 Psrffare
392 2227 462 2261 arta.
484 2208 568 2263 Malas
587 2208 680 2263 herbas
731 2208 882 2261 nemorosis.

171 2282 419 2359 ossellam-loqu
429 2287 562 2352 ligonibus.
573 2285 681 2357 Ligoni-
762 2287 802 2340 66.
813 2289 844 2338 ln
857 2305 904 2353 quo
911 2302 994 2352 ponas
1004 2302 1065 2336 rara
1076 2295 1195 2351 tempora.
1207 2285 1238 2340 ln

171 2363 219 2414 bus
230 2358 390 2415 liabentibnt¹
398 2362 507 2432 longum
520 2364 652 2433 capulum.
729 2383 782 2431 quo
791 2381 850 2415 raro
856 2380 942 2415 causas
951 2359 1084 2413 defendis:
1093 2380 1174 2430 quarn
1182 2381 1238 2416 rem

205 2441 245 2492 6ο.
258 2443 296 2492 Et
306 2443 366 2493 dam
375 2448 464 2509 αρνδτ.
477 2441 513 2493 Et
524 2442 681 2511 irrigue.—
728 2439 841 2494 felicitati
859 2437 987 2491 adscribit.
1005 2438 1085 2493 Mart.
1104 2441 1152 2493 tis
1169 2460 1238 2495 usa-

172 2519 233 2568 Jam
251 2521 321 2570 bt'bat
339 2520 424 2572 lodus
445 2536 535 2586 mu.
554 2517 680 2571 llleliores
725 2537 813 2586 quant,
827 2525 887 2581 toga
899 2534 976 2575 rara,
997 2534 1069 2568 mens
1075 2522 1175 2587 quieta.

172 2615 264 2649 omnes
273 2617 279 2649 ε
288 2620 301 2642 «ι
315 2596 349 2649 Et
361 2596 423 2651 dare
433 2597 502 2665 jam,
515 2592 605 2650 sitiens
617 2610 680 2664 quas
759 2597 799 2666 67.
808 2594 1064 2656 vdrntemocd.
1072 2612 1178 2649 mm
1186 2597 1238 2648 Al·

171 2674 242 2726 hibat
255 2673 362 2740 hortus,
379 2693 470 2745 aquas,
483 2696 495 2720 »³
509 2691 577 2726 nnus
590 2682 680 2726 tamen
727 2677 940 2738 banapetentem,
955 2670 1239 2740 Apprbsermte'dnctt

174 2750 257 2804 Vatic.
272 2772 335 2819 quas
349 2757 437 2805 st'tt‘ens
449 2754 580 2804 combibat.
594 2751 631 2803 H.
648 2778 681 2790 -
726 2751 1025 2804 northmannicum
1037 2772 1099 2803 arva
1111 2762 1164 2806 rote
1173 2770 1234 2805 me·

172 2830 228 2882 Nos
239 2829 321 2883 Vatic.
333 2841 359 2882 et
371 2831 498 2899 Excerpta
508 2828 591 2881 Vossii
599 2828 680 2882 secuti
726 2828 803 2879 liores
813 2847 819 2888 ;
832 2836 859 2879 et
872 2828 975 2878 Umbrr‘a
987 2848 1054 2879 nunc
1064 2839 1176 2892 teroem
1187 2847 1236 2897 pro

173 2927 279 2973 surmus,
296 2907 465 2977 probantibus
483 2907 637 2959 burmanno
654 2918 681 2961 et
727 2903 1036 2964 nectenduonuncnon.
1047 2907 1126 2959 Forte
1137 2926 1143 2959 :
1154 2905 1237 2959 «Urn-

176 2986 312 3040 Oherlino.
325 2987 383 3050 Ita,
399 2986 479 3055 Epist.
493 2987 554 3049 XV,
570 3006 605 3039 vs.
621 2991 680 3040 150:
727 2982 783 3035 bria
794 3002 865 3036 nunc
877 2993 979 3034 revocat
990 3021 997 3047 ‚
1010 2994 1035 3035 te
1047 3003 1120 3036 nunc
1135 2984 1238 3037 Albana

175 3090 188 3110 ιι
203 3065 285 3118 Grata
310 3064 381 3133 prius
406 3063 532 3134 iacrymas
555 3064 681 3117 combibit
729 3071 871 3129 petentem.
882 3083 894 3105 n
907 3061 1083 3112 H.—Ilmbria
1095 3072 1119 3111 te
1130 3071 1238 3116 reuocat.

173 3144 254 3199 herba
263 3165 342 3198 meas.
357 3165 369 3189 >⁸
384 3141 458 3213 Seps
471 3141 617 3197 Columella
631 3144 681 3197 hoc
731 3138 762 3190 In
774 3138 917 3190 Umbriam
929 3135 1052 3200 revertis,
1065 3156 1123 3202 quae
1133 3137 1160 3189 in
1176 3160 1240 3193 me-

176 3225 255 3277 verbo
266 3222 356 3276 utitur.
729 3214 773 3266 dio
789 3213 902 3268 Sabiniae
914 3234 943 3267 ac
955 3213 1073 3267 Tlrusoioe
1085 3209 1148 3266 olim
1164 3217 1239 3285 jace-

206 3299 247 3353 6ι.
262 3301 334 3351 Unde
344 3299 445 3349 sedloc
454 3299 533 3349 nobit.
547 3293 680 3360 sabaudi,
729 3293 940 3346 bat-Petcntem
951 3295 1063 3345 Albana.
1075 3293 1115 3346 Te
1128 3307 1239 3350 euntem

142 3417 157 3443 ,
174 3379 423 3443 opto-Interquos.
440 3374 513 3426 lnter
527 3388 575 3423 nos
587 3370 682 3422 Tomi·
730 3369 758 3422 in
772 3369 904 3423 Albanum
917 3369 1236 3438 pradiunszdlbaautem

175 3465 256 3505 tanos.
270 3480 303 3493 —
315 3455 351 3506 Et
366 3454 467 3504 hostem.
488 3450 522 3501 Et
541 3446 621 3500 Getas
636 3448 681 3516 alui
730 3448 826 3503 Marsis
839 3448 951 3501 finitima
963 3447 1013 3502 fuit
1028 3451 1054 3501 in
1067 3450 1164 3502 excelso
1174 3465 1235 3500 saxo

175 3531 279 3582 'l’omon
293 3528 425 3581 infestant.
730 3529 820 3584 locata.

207 3605 247 3657 ba.
260 3606 335 3657 I‘ircr't
343 3609 476 3659 drbcninen
487 3605 614 3653 militinam
626 3620 682 3654 mu·
760 3609 800 3662 (38,
813 3609 929 3661 Fervent!
936 3619 998 3660 mea.
1011 3603 1098 3659 Veloci
1113 3623 1202 3657 curru.

173 3693 222 3738 rats.
232 3680 371 3751 SicVirgil.
384 3683 445 3734 lett'
450 3682 680 3745 di'scn'mr'neparto.
762 3686 802 3756 69
816 3689 930 3739 Forsitan
939 3689 987 3739 loc
1002 3693 1076 3751 optes.
1088 3679 1179 3735 Scribe
1196 3685 1239 3736 hic

206 3764 246 3828 64.
256 3761 404 3830 I‘brtt'afita.
419 3760 574 3829 Prosperam
584 3758 679 3824 vitam,
731 3773 800 3830 optes
811 3782 870 3816 cum
884 3762 1057 3827 Sarraviano,
1074 3759 1199 3813 Politian.
1214 3773 1240 3816 et

174 3846 247 3913 cujus
257 3841 300 3896 sila
308 3859 361 3893 non
370 3839 445 3895 facile
455 3851 622 3910 rumpuntur.
730 3840 812 3894 tribus
825 3842 891 3908 aliis,
906 3861 935 3893 ac
947 3841 1031 3910 prima
1043 3837 1168 3894 editione.
1180 3842 1217 3893 H.

208 3924 248 3977 65,
263 3921 378 3988 campus.
398 3918 493 3988 Campi
511 3917 600 3972 Martii
618 3939 682 3973 cer·-
764 3942 803 3990 7¹·
816 3921 873 3973 At!
887 3924 988 3973 nemrim
999 3923 1125 3988 estquod.
1143 3925 1236 3979 ambe,

177 4002 275 4055 lamina
291 4008 317 4052 et
331 3994 535 4050 exercitationes.
550 4026 582 4036 -
594 4000 683 4051 Densa
727 4007 801 4066 petis
818 4003 851 4053 Ti
865 4008 906 4051 est
920 3996 996 4051 multi
1015 4016 1069 4050 non
1087 4003 1237 4065 agnoscunt.

175 4083 248 4138 modo
256 4083 377 4148 portatas.
390 4075 540 4151 Aliquando
555 4086 629 4131 tenet
643 4088 682 4141 te,
730 4078 800 4131 Puto
811 4097 817 4130 ι
827 4099 840 4123 ιι
859 4077 901 4131 Ab
914 4077 1043 4130 nimium!
1054 4076 1127 4144 quid,
1136 4072 1216 4127 amice
1228 4110 1236 4137 ,
