2722 4702
145 330 1217 368 mmmmm

205 499 466 604 PUBLII
510 502 770 608 OVIDII
819 503 1140 623 NASONIS

154 679 157 687 ’
431 752 915 885 rnrsuun

371 1030 592 1116 LIBER
629 1034 976 1136 QUINTUS.

553 1242 793 1268 -η-Φ--ο

438 1457 675 1542 ELEGIA
708 1449 919 1541 PRIMA.

496 1809 845 1872 ARGUMENTUM.

144 1970 258 2023 Mittens
266 1968 379 2023 Romam
391 1987 406 2023 e
417 1969 519 2042 Scythia
528 1971 755 2025 ultimumlibrum
765 1971 892 2037 Ovidius,
905 1972 944 2026 sui
957 1964 1084 2028 studiosos
1093 1987 1199 2044 monet,

178 2062 208 2105 ut
221 2063 334 2121 quatuor
351 2050 480 2121 prioribus
495 2051 599 2120 libellis,
620 2053 692 2107 hunc
711 2056 789 2107 etiam
805 2052 902 2108 addant
912 2076 919 2118 ;
931 2067 1084 2126 excusatque
1099 2079 1127 2113 se
1142 2080 1198 2115 non

175 2138 287 2207 potuisse
300 2137 439 2191 materiam
456 2135 543 2204 aliam,
561 2158 639 2207 quarn
658 2128 776 2204 tristem,
798 2139 927 2208 rebusque
940 2141 1041 2194 miseris
1054 2155 1079 2195 et
1092 2145 1199 2212 perditis

177 2223 397 2287 convenientem,
409 2240 523 2274 surnere.
542 2221 621 2290 Quod
638 2223 659 2275 si
672 2224 699 2275 in
712 2220 820 2290 patriam
834 2233 988 2288 revocetur,
1002 2224 1160 2294 scripturum
1171 2247 1198 2281 se

171 2304 256 2373 jocosa
274 2315 301 2357 et
320 2305 379 2359 lata
399 2304 539 2374 profitetur
549 2326 556 2370 ς
579 2305 708 2374 simulque
721 2302 824 2355 veniam
843 2303 923 2372 petit,
942 2303 962 2356 si
981 2304 1045 2373 quid
1063 2306 1112 2374 sit,
1129 2309 1200 2375 quod

173 2388 296 2443 lectorem
308 2388 440 2442 offendat.

139 2536 270 2644 Hunc
288 2598 421 2671 quoque
437 2568 477 2642 de
497 2569 632 2658 Getico,
651 2569 755 2643 nostri
772 2570 935 2658 studiose,
954 2569 1101 2648 libellum

183 2686 312 2768 Litore,
331 2686 508 2788 promissis
525 2704 671 2787 quatuor
686 2686 766 2759 adde
782 2688 872 2762 meis.

136 2804 199 2876 llic
218 2831 352 2904 quoque
369 2804 444 2878 talis
463 2802 540 2889 erit,
560 2800 668 2903 qualis
683 2803 815 2877 fortuna
831 2821 955 2905 poetae3

185 2920 334 2993 Invenies
350 2937 420 2993 toto
437 2919 580 2991 carmine
597 2916 689 2994 dulce
704 2918 787 2994 nihil
803 2948 811 2992 ε

134 3029 274 3104 Flebilis
292 3049 331 3104 ut
344 3050 457 3108 noster
474 3049 660 3123 statueret,
678 3035 722 3109 ita
739 3030 848 3108 flebile
865 3057 1007 3121 carmen,
1182 3058 1198 3110 5

189 3149 333 3224 Materiae
351 3152 473 3253 scripto
490 3150 702 3227 conveniente
719 3179 794 3230 suae.

132 3266 269 3360 Integer
283 3280 316 3336 et
332 3263 441 3353 letus,
462 3264 534 3341 laeto
551 3282 585 3338 et
598 3264 751 3365 juvenilia
769 3262 852 3337 lusi:

181 3379 244 3458 llla
263 3399 370 3456 tamen
383 3411 473 3458 nunc
491 3410 544 3455 me
554 3375 784 3485 'conposuisse
802 3379 902 3482 piget

168 3568 189 3600 1.
200 3549 240 3600 De
250 3551 325 3601 litore
338 3548 436 3600 Getr'co.
448 3546 490 3600 De
498 3546 575 3600 litore
581 3542 640 3601 Tt-
720 3567 742 3614 7.
750 3546 883 3613 rateque!
893 3547 971 3598 letus.
981 3546 1070 3598 Donec
1077 3563 1144 3597 ersus
1151 3548 1198 3599 Ie·

134 3623 237 3678 mitanae
246 3625 332 3693 urbis,
343 3644 401 3695 quoe
413 3625 483 3678 litori
491 3620 640 3678 Getieod·
685 3632 726 3675 tus
736 3642 775 3692 pr.
790 3620 864 3676 Polit.
875 3641 913 3691 pr.
923 3621 1043 3675 vatican.
1052 3641 1089 3691 pr.
1101 3622 1155 3676 Pal.
1170 3631 1198 3676 et

135 3701 638 3768 jacebat—Nostristsdrosr.Duorste'-
686 3701 740 3753 duo
760 3699 821 3769 alii,
841 3700 926 3763 roole;
944 3718 1021 3768 supra
1037 3719 1044 3752 :
1063 3723 1075 3744 o
1090 3700 1197 3770 Integer

133 3800 179 3832 res
190 3776 299 3843 misiam,
313 3788 433 3838 studiose.
441 3783 542 3837 Hrms.
686 3780 754 3834 hanc
763 3781 835 3851 potui
845 3798 931 3849 nuper
940 3779 1009 3832 bene
1022 3777 1134 3833 reddere
1146 3776 1195 3832 lu-

169 3880 193 3910 2.
208 3861 317 3923 Quatuor
324 3866 387 3915 mer‘s
394 3866 540 3930 premissis.
551 3856 638 3917 IM-
684 3879 750 3912 cem.
758 3860 949 3926 nost-Interes.
958 3858 1018 3913 Non
1026 3856 1196 3927 relegatus.-

131 3936 164 3990 lis
178 3934 318 4003 Tristium,
331 3946 409 3990 anteo
422 3938 537 3991 Romam
549 3934 637 3993 ruffi.
687 3940 759 3992 Lara
767 3939 925 4007 stjusenilsir.
938 3937 1133 4004 htelsseniltis
1141 3934 1194 3984 Lo-

164 4016 189 4070 6.
203 4017 262 4068 dise
281 4021 395 4071 materis.
407 4015 529 4073 Materia
539 4027 637 4090 posta,
687 4035 744 4070 van.
755 4026 782 4070 et
793 4015 877 4070 Servii
890 4036 896 4077 ;
910 4014 985 4067 male.
998 4015 1095 4066 Noster
1109 4007 1150 4060 hie
1161 4003 1195 4056 li·

135 4106 239 4167 quaest
253 4095 339 4151 tristis.
687 4096 748 4150 bros
757 4095 790 4150 de
803 4096 869 4150 Arte
881 4091 987 4149 amandi
999 4087 1132 4160 significet.
