2722 4702
163 368 230 436 356
348 396 352 407 ·
429 367 470 432 Ρ.
497 365 682 434 OVIDII
711 365 944 435 NASONIS

210 506 384 604 Quamque
400 522 496 603 potes
511 504 675 603 profugo,
694 532 768 577 nam
787 523 897 605 potes,
916 506 1008 580 adfer
1024 528 1137 608 opem:

162 623 219 696 llle
238 621 369 694 sortuna
388 619 464 708 tibi,
482 618 521 693 de
539 649 602 720 qua
620 647 660 692 ne
676 649 875 721 conquerar,
894 622 958 696 hoc
975 640 1041 714 est,

207 735 376 819 Tradidir;
393 735 458 808 hoc
475 763 541 809 uno
559 763 623 807 non
643 735 772 809 inimica
787 737 878 809 mihi.

158 849 282 951 Excipe
300 851 506 945 naufragium
525 879 592 924 non
611 849 695 924 duro
714 850 810 927 litore
825 869 994 943 nostrum,

206 968 256 1041 Ne
273 964 371 1038 luerit
389 982 471 1038 torm
490 963 594 1038 tutior
604 965 691 1039 unda
706 983 769 1040 tua.

92 1096 96 1104 '
156 1083 275 1180 Regia,
293 1082 387 1156 crede
405 1082 501 1168 mihi,
517 1110 569 1156 res
586 1101 637 1156 est
654 1084 849 1158 subcurrere
867 1083 990 1185 lapsis:
1017 1111 1019 1115 ⁸

206 1199 370 1275 Convenit
387 1217 420 1272 ct
438 1216 550 1285 tanto,
569 1217 711 1300 quantus
728 1229 762 1274 es
777 1201 861 1301 ipse,
879 1201 960 1274 viro.

157 1320 334 1391 Fortunam
354 1315 447 1389 decet
468 1314 531 1386 hoc
549 1315 643 1389 istam
659 1344 666 1387 :
684 1344 756 1415 quae
772 1315 912 1389 maxima
931 1344 1033 1415 quum
1050 1317 1112 1404 sit,

204 1433 285 1503 Esse
301 1444 411 1527 potest
429 1427 539 1499 animo
557 1428 610 1500 vix
627 1444 735 1502 tamen
753 1457 845 1529 aequa
863 1446 931 1502 tuo.

156 1545 369 1645 Conspicitur
385 1570 553 1641 nunquam
571 1541 704 1615 meliore
720 1545 866 1643 potentia
885 1571 997 1631 causa,
1180 1565 1211 1615 ιε

203 1664 313 1759 Quam
332 1659 459 1757 quoties
475 1684 573 1728 vanas
589 1685 656 1729 non
674 1659 754 1729 sinit
773 1687 843 1732 esse
860 1687 980 1760 preces.

154 1778 229 1851 Hoc
245 1775 334 1845 nitor
351 1768 407 1843 ille
425 1771 473 1843 tui
492 1771 619 1864 generis
636 1771 799 1846 desiderat
813 1804 821 1846 ι
835 1773 899 1846 hoc
914 1792 964 1848 est

202 1891 234 1962 Α
252 1887 387 1987 Superis
403 1903 482 1959 orte
498 1885 683 1961 nobilitatis
701 1917 794 1989 opus.

153 2003 227 2076 lloc
244 2000 306 2074 tihi
324 2018 357 2073 et
374 1997 577 2100 Eumolpus,
597 2002 722 2096 generis
740 2001 938 2075 clarissimus
957 2019 1092 2088 auctor,

197 2119 244 2193 Et
257 2117 351 2220 prior
368 2115 534 2217 Eumolpo
552 2108 670 2191 suadet
685 2114 932 2192 Erichthonius.
1178 2156 1211 2193 ιο

151 2235 349 2310 lloo’tecum
367 2260 541 2312 commune
557 2235 630 2306 Deo
645 2262 653 2305 ε
670 2232 760 2333 quod
778 2250 916 2333 uterque
929 2234 1038 2327 rogati

151 2399 271 2470 Orithyoe
286 2372 368 2459 nffi,
388 2392 472 2459 filius,
494 2413 525 2448 ez
544 2393 653 2463 'l’lrrrcia
683 2382 979 2464 ”Ligerioconfirmon
993 2394 1065 2449 nulla
1077 2415 1106 2451 re
1118 2397 1210 2452 homi-

148 2479 175 2531 in
186 2475 299 2530 Atticam
306 2466 386 2522 venit.
395 2469 465 2523 Eum
475 2489 537 2524 enne
548 2468 654 2523 Honie·
702 2493 748 2527 nes
756 2470 861 2541 propius
870 2473 902 2526 ad
911 2474 981 2528 Deos
988 2475 1122 2545 accedere,
1132 2499 1211 2550 quarn

147 2550 314 2608 ruscarmine
323 2543 474 2600 suolortem
484 2544 603 2614 adpellat.
612 2546 652 2598 Μ.
701 2550 810 2603 salutem
821 2548 973 2607 hominibus
985 2554 1081 2608 dando.
1096 2557 1184 2614 Pon.

181 2653 203 2700 7,
222 2630 265 2680 Me
274 2623 379 2691 firmana
394 2625 455 2686 riti,
476 2626 508 2676 de
522 2639 572 2687 qua
587 2624 655 2688 qood
734 2628 771 2678 13.
784 2628 866 2679 Decet
879 2631 934 2682 loc.
950 2633 1015 2687 Hx
1030 2633 1170 2704 Argmpin,
1182 2649 1210 2691 et

147 2730 195 2764 non
208 2725 305 2777 queror,
321 2705 368 2754 hoc
379 2710 432 2764 est,
450 2696 657 2784 stabilit-‘Erec
701 2703 778 2771 alius,
799 2706 868 2775 quod
885 2708 1009 2765 Heinsius
1021 2714 1119 2779 probae,

145 2792 213 2861 quod
217 2801 364 2853 conqueror,
379 2800 422 2834 sex
435 2798 484 2832 non
495 2797 647 2846 conquemr3
733 2783 770 2835 rt.
780 2785 807 2837 A
815 2785 915 2852 Superis
926 2799 986 2841 orta
995 2795 1139 2845 nobilitent.
1146 2790 1212 2847 No-

145 2889 214 2924 unus
226 2864 347 2917 Vatican.
358 2880 408 2912 non
419 2877 559 2926 conquerar.
570 2858 648 2928 Lege,
698 2862 802 2918 bilitatis
823 2884 837 2918 a
851 2865 908 2920 Diie
931 2870 1061 2939 originem
1080 2869 1210 2928 ducentis.

145 2937 444 3014 neconqeerarsdeinde
464 2940 580 2991 Prodidit
596 2938 650 2991 Ar-
699 2939 758 2993 Hoc
776 2951 864 2994 autem
881 2943 942 2998 dicit
960 2958 1069 3017 propter
1089 2947 1207 3004 Eumol-

145 3025 284 3098 gentinus,
305 3018 455 3087 elegantem
470 3014 519 3069 hoc
531 3025 586 3082 eet,
599 3032 649 3071 ex·
698 3036 776 3084 pum,
793 3016 876 3072 filium
895 3020 1012 3091 Neptuni
1028 3036 1054 3078 et
1073 3025 1205 3095 Chiones,

146 3105 246 3179 posuit,
266 3096 368 3165 objecit.
388 3096 423 3146 H.
628 3120 646 3129 ·=
698 3109 755 3160 que
767 3093 1205 3166 lilioBoreoe,generissuiaucto-

179 3185 202 3235 8.
224 3179 353 3232 Nondum
367 3178 446 3225 litore.
464 3170 524 3223 Non
541 3189 649 3240 aspero,
698 3188 771 3236 rem,
786 3182 814 3225 ut
825 3173 942 3230 diximus.

144 3259 189 3315 sed
208 3256 339 3322 benigno,
362 3246 478 3316 plzoido,
498 3256 524 3298 ct
538 3247 649 3315 propitio
732 3267 771 3299 ιο.
788 3251 974 3307 En'chthonins.
994 3255 1204 3327 Erichthonius,

146 3335 216 3398 solo,
227 3331 298 3400 quasi
309 3328 391 3388 dicat,
400 3342 449 3392 ego
459 3323 586 3391 relegatus
594 3334 648 3377 tan·
697 3344 743 3378 seu
760 3325 939 3395 Erechtheus,
962 3351 1006 3384 rer
1018 3332 1068 3385 suit
1082 3335 1206 3389 Athena-

146 3428 224 3479 quarn
243 3405 398 3469 nnostngue,
415 3399 520 3467 supplex
540 3400 570 3452 ad
589 3400 649 3454 litus
697 3422 774 3468 rum,
785 3423 862 3474 quem
871 3406 1142 3460 Minervoerureubi
1152 3429 1204 3462 na-

144 3501 222 3544 tuum
240 3481 378 3548 coningio,
398 3495 541 3545 precorque
557 3489 588 3532 ut
604 3496 647 3534 me
697 3493 738 3536 tus
750 3496 820 3549 eret,
833 3486 960 3552 srrscepit,
973 3484 1140 3551 educavitque
1152 3526 1160 3551 ,
1174 3501 1205 3544 ee

144 3556 386 3631 benigneexo'piae.
634 3614 639 3625 ,
696 3560 1069 3630 Atheniensipopuloprorcge
1077 3562 1204 3621 tradidit:

181 3659 219 3692 ιο.
228 3634 446 3702 Necsuen'tterra.
458 3633 497 3686 Ex
508 3653 561 3702 quo
571 3645 647 3704 poete
696 3637 806 3707 ideoque
822 3638 856 3691 illi
870 3655 956 3691 annua
974 3637 1092 3690 solennia
1108 3642 1202 3698 Athe-

145 3718 245 3781 innuit,
257 3713 308 3769 illic
316 3712 438 3766 tutiorem
446 3713 535 3767 eedem
541 3733 648 3784 spernu-
695 3717 798 3769 ruienses
807 3726 887 3781 agunt
901 3725 1035 3768 taurorum
1049 3737 1199 3788 agnorum-

145 3799 299 3864 dampnans
308 3791 645 3860 inmeriQuodsisibitom
691 3813 746 3863 que
758 3794 892 3850 suenheim
905 3793 976 3848 Vide
989 3796 1074 3851 Natul.
1085 3799 1128 3853 lib.
1150 3801 1197 3865 tv,

144 3879 221 3946 longa
233 3871 395 3940 navigatione
415 3870 545 3941 pepercit,
562 3868 645 3923 multo
694 3890 748 3941 esp.
762 3877 784 3925 5.
844 3888 848 3897 ·

144 3954 225 4024 magis
235 3953 291 4021 ejus
304 3960 399 4005 terram
413 3948 533 4017 intelligit
550 3948 645 4000 debere
727 3971 766 4002 αι.
776 3953 833 4005 Hoc
839 3959 1052 4008 tecumcomrm
1059 3959 1129 4007 Dete
1138 3955 1198 4008 Hoc

145 4032 382 4103 eipmrere.Noetri
390 4030 530 4083 habentne,
540 4044 645 4094 prom.
693 4039 745 4094 eet,
759 4030 804 4080 tibi
814 4047 876 4082 cum
888 4030 945 4086 nit·
956 4051 1110 4096 commune,
1123 4031 1196 4096 quod

180 4132 216 4168 rr.
233 4115 378 4167 Sulcum
387 4112 474 4175 lapso.
493 4104 579 4159 Cicer.
596 4121 644 4172 pro
692 4108 1156 4178 preceeenudim,'quemedmoclum
1168 4120 1195 4160 et
