2716 5214
891 496 904 533 t

200 842 268 932 eos
536 840 639 908 uic.
663 836 924 908 untnsms

203 983 301 1059 Haud
319 980 423 1054 facilis
438 981 520 1053 mihi
537 1009 648 1080 pugna
663 979 728 1053 luit
745 1007 819 1081 cum
834 977 905 1052 labe
923 977 1097 1078 pudende

252 1097 427 1196 Temporis
443 1095 550 1169 allevit
570 1123 666 1195 quam
684 1123 775 1168 mora
793 1094 888 1190 longa
904 1096 986 1168 viro.

202 1213 257 1285 Sic
274 1239 405 1310 quoque
423 1209 589 1309 pernoctis
605 1210 753 1310 superavi
773 1209 867 1282 taedia
883 1236 984 1297 ουτως
1232 1227 1263 1280 25

254 1329 414 1401 Sueteessu
433 1326 577 1400 studium
596 1355 654 1400 nec
673 1343 762 1400 vacat
781 1354 878 1399 omne
893 1352 963 1399 suo.

207 1444 330 1517 Medda
345 1442 484 1536 relegata
501 1461 551 1515 est
566 1471 583 1513 a
599 1443 694 1515 tersis
713 1440 850 1542 plurima
868 1440 1013 1514 chartis:

256 1558 407 1631 Conitior
427 1558 610 1632 Ausonium
627 1559 690 1656 jani
711 1557 795 1630 videt
813 1556 868 1629 ille
886 1557 982 1630 diem.

212 1671 346 1745 Exsulis
362 1672 512 1744 immeriti
532 1673 664 1746 reduces
682 1690 768 1757 tere,
791 1674 911 1758 Roma,
932 1668 1089 1758 libellos,

260 1789 414 1863 Nominis
432 1788 497 1862 ulla
515 1789 655 1889 supersi
674 1789 736 1861 tibi
753 1817 830 1862 cura
847 1788 895 1860 tui
913 1805 972 1861 est.
1240 1807 1269 1859 3⁰

212 1909 316 1992 Ecce,
335 1905 528 2005 Cupidineis
547 1906 637 2004 quod
654 1905 761 1977 saucia
780 1904 876 1977 turba
894 1902 1044 1997 sagittis,

263 2022 337 2091 Non
356 2019 549 2091 damnaturo
569 2019 717 2103 Caesare,
737 2016 844 2089 volvat
863 2045 948 2115 opus
965 2047 974 2102 ;

215 2139 290 2235 lpse
306 2135 374 2207 suis
390 2124 526 2232 postllac
543 2135 665 2209 fidibus
683 2135 772 2231 quod
789 2133 924 2210 mandet
939 2132 1084 2234 Apoll03

264 2245 367 2338 Quod
385 2272 480 2315 soror
499 2245 608 2317 Aonio
625 2243 709 2318 colle
725 2273 850 2319 novena
868 2264 987 2335 canan

215 2362 384 2451 Degener,
401 2376 436 2431 et
452 2356 534 2433 nulli
553 2358 661 2433 Cesar
677 2358 836 2435 laudande
856 2380 980 2461 poetae,

264 2473 438 2547 Dardanus
456 2473 607 2549 Anchisa
622 2494 699 2550 tune
715 2476 816 2551 serare
834 2480 962 2577 nepos?

209 2593 311 2665 {sune
329 2589 528 2689 Cytheriaca
545 2591 727 2665 censendus
742 2592 877 2685 originis
893 2593 1014 2666 hem?

269 2706 359 2802 Quid
379 2706 454 2791 tibi,
473 2705 550 2805 quid
568 2707 665 2783 Latio
681 2707 796 2792 verba,
813 2724 963 2792 cruente,
981 2707 1112 2784 dabas?

219 2827 344 2899 Hoste
362 2824 544 2903 mendaeem
563 2823 670 2899 scelus
682 2824 790 2918 arguit
806 2854 814 2896 :
828 2825 900 2924 ipsu
917 2826 1027 2900 Dione

270 2941 448 3041 Exsequias
464 2939 529 3009 vati
545 2939 690 3012 creditus
705 2939 769 3013 isse
784 2969 855 3014 suo.

220 3062 296 3159 Ipsa
313 3058 372 3128 viri
389 3053 539 3139 comitata
560 3056 668 3149 sugam
687 3056 741 3159 pia¹
759 3057 1044 3161 nimiamque,

270 3173 377 3246 lunias
394 3171 510 3270 spissis
528 3168 662 3247 fletibus
676 3170 767 3244 auxit
784 3192 896 3274 aquus.
923 3228 926 3233 .
943 3234 947 3239 .

224 3293 354 3384 Unguis
371 3291 403 3360 iu
424 3318 479 3364 ore
497 3287 606 3374 sedet,
625 3287 709 3363 lacer
725 3287 839 3363 horret
855 3290 891 3362 in
908 3319 964 3364 ote
980 3291 1143 3393 capillus,

272 3405 385 3478 Livida
404 3405 538 3477 rescissa
555 3421 688 3503 pectora
703 3422 792 3478 veste
809 3405 927 3499 rigent.

225 3523 299 3595 Hoc
315 3521 431 3593 habitu
449 3519 566 3592 vulnus
584 3549 651 3593 uon
667 3519 868 3594 consolabile
886 3521 1053 3620 quondam

275 3638 445 3722 Prodidit,
465 3637 599 3709 invisam
618 3636 670 3709 vix
687 3636 771 3709 bene
788 3665 884 3736 passa
900 3637 1002 3723 diem,

228 3755 332 3829 Unica
351 3755 427 3826 duni
445 3771 574 3852 raptum
593 3752 658 3827 sibi
677 3753 795 3847 gaudia
813 3771 1127 3843 montanianum,

277 3874 385 3968 Quem
401 3871 490 3943 ferus
507 3867 645 3968 obliquo
665 3868 762 3941 dente
780 3887 909 3942 necarat
926 3896 1010 3969 aper.

228 3988 365 4084 Optavit
384 3987 511 4058 funesta
530 3984 631 4066 mori,
651 3981 824 4084 doluitque
842 3984 984 4084 cupitam

279 4103 329 4172 Ad
352 4101 451 4200 Styga
468 4099 623 4199 praeludi
641 4099 731 4173 triste
745 4100 881 4173 Deabus
899 4100 967 4173 iter.

145 4217 151 4223 ’
230 4217 307 4289 llao
325 4233 455 4310 praestat
477 4214 552 4301 tibi,
571 4215 675 4300 Diva,
695 4232 771 4288 tuus
789 4215 904 4288 solatia
922 4217 1040 4300 Caesam

277 4330 453 4424 Sanguinis
470 4349 634 4404 auctorem
651 4331 699 4404 sic
717 4330 805 4404 fovet
823 4330 875 4404 ille
888 4329 948 4402 sui.

228 4445 308 4520 Vela
324 4442 415 4515 dedit
433 4441 576 4541 legitque
590 4474 687 4519 mauu
707 4443 839 4537 lugente
855 4442 985 4530 carinae,

276 4563 441 4657 Armaque
457 4555 580 4630 Nasoni
596 4558 694 4631 noxia
711 4558 803 4658 rupit
818 4559 930 4633 Amor.
