2722 4702
197 313 259 380 186
474 317 515 383 P.
542 316 716 384 OVIDII
740 316 970 389 NASONIS

239 451 284 523 Et
301 478 372 550 qne
387 480 474 525 nunc
492 454 625 527 domino
643 483 718 528 rura
737 474 873 555 paterna
891 476 1021 534 carent:
1211 465 1258 540 ’ω

191 569 296 668 Inque
313 569 387 642 sinu
404 569 561 658 domine,
580 570 730 672 carisque
743 574 938 673 nepotibus,
955 574 1057 675 inque

243 685 384 761 Securus
399 689 504 786 patria
523 689 732 764 consenuisse
747 716 828 762 mea.

194 801 272 874 Haee
289 828 358 874 mea
377 802 424 875 sic
439 804 604 904 quondam
620 806 733 905 peragi
749 822 935 904 speraverat
951 825 1047 898 aetas3

197 970 200 976 -
243 920 315 993 llos
333 948 395 1015 ego
411 920 458 995 sic
474 949 581 994 annos
598 920 738 995 condere
757 921 879 1016 dignus
897 949 996 996 eram.

192 1036 269 1109 Non
286 1036 332 1109 ita
351 1038 412 1111 Dis
427 1037 533 1112 visum
547 1095 557 1125 ,
573 1037 629 1138 qui
648 1065 700 1110 me
714 1055 884 1138 terraque,
899 1039 1045 1139 marique
1227 1063 1259 1115 1⁵

242 1151 381 1238 Actum,
398 1154 585 1228 Sarmaticis
602 1182 783 1255 exposuere
799 1153 891 1228 locis.

193 1266 234 1341 ln
250 1296 325 1341 cava
339 1266 506 1342 ducuntur
523 1297 648 1370 quassae
663 1269 790 1344 navalia
806 1298 957 1371 puppes,

241 1382 291 1453 Ne
309 1398 426 1455 temere
442 1382 476 1453 in
492 1383 606 1454 mediis
623 1382 844 1456 destituantur
858 1382 975 1481 aquis:

194 1493 244 1566 Ne
262 1493 375 1580 cadat,
392 1511 424 1565 et
440 1493 560 1568 multas
575 1493 699 1594 palmas
712 1494 902 1568 inhonestet
921 1495 1074 1594 adeptas,

243 1605 436 1699 Languidus
454 1606 487 1677 in
504 1607 608 1705 pratis
625 1607 771 1700 gramina
788 1607 893 1706 carpit
909 1632 1033 1704 equus:
1225 1643 1260 1679 20

195 1719 313 1808 Miles,
329 1739 368 1794 ut
384 1720 526 1794 emeritis
544 1749 611 1792 non
627 1737 678 1793 est
696 1720 776 1793 satis
792 1718 884 1813 utilis
901 1719 1015 1807 annis,

242 1835 342 1907 Ponit
358 1833 400 1906 ad
417 1834 593 1934 antiquos,
613 1861 685 1934 quae
700 1833 777 1907 tulit
791 1860 898 1924 arina,
921 1836 1030 1908 hares.

195 1947 250 2021 Sic
268 1946 388 2043 igitur,
407 1948 499 2023 tarda
516 1947 599 2023 vires
617 1947 786 2024 minuente
803 1966 950 2038 senecta,

230 2135 266 2168 ιο.
285 2116 357 2167 Iluro
371 2123 486 2182 patema.
507 2113 555 2167 Me
577 2113 621 2184 qui
642 2134 702 2169 suan
750 2113 1041 2169 inhonestandiverbum
1049 2108 1089 2161 rix
1098 2109 1158 2164 alibi
1167 2112 1262 2168 obcur-

193 2189 317 2246 dominus
336 2210 437 2246 eorum.
460 2191 543 2245 Erant
564 2201 652 2246 autern
672 2190 701 2244 in
752 2202 793 2244 rat
804 2191 872 2261 apud
886 2192 1024 2253 Nostrum,
1037 2195 1100 2255 puto
1111 2187 1191 2239 etiam
1208 2189 1262 2244 hoc

195 2267 322 2340 Pelignis.
599 2277 606 2295 ·
751 2266 878 2321 distichon
893 2285 945 2320 esse
959 2285 989 2318 ex
1002 2264 1047 2330 iis,
1063 2281 1121 2331 qun
1136 2263 1263 2318 inculca-

230 2348 266 2400 13.
281 2350 358 2415 isque
376 2353 433 2400 seire
450 2351 569 2410 demaine,
589 2352 703 2416 cerame
750 2357 813 2399 runt
824 2346 945 2398 homines
953 2343 1021 2397 male
1031 2340 1126 2394 feriati.
1138 2341 1177 2394 H.

193 2431 330 2493 nepotibus.
346 2430 479 2479 sodalitas
497 2429 587 2495 primu
604 2427 700 2481 editio·
786 2444 823 2475 αι.
834 2426 919 2485 Miles,
929 2425 1263 2476 abe'emen'tisrtonestsatis

193 2521 242 2555 nes
252 2512 278 2554 ct
291 2504 394 2572 plurimi
404 2503 499 2568 scripti.
510 2502 562 2555 Sed
573 2503 701 2556 distichon
749 2507 820 2554 utc'ir‘s
829 2508 914 2554 armt's.
927 2504 1003 2555 Miles
1015 2511 1044 2552 ni
1053 2500 1171 2568 plerique
1185 2510 1262 2553 vete·

196 2577 275 2632 ctiam
288 2578 336 2630 hoc
348 2578 388 2629 vix
400 2578 544 2647 genuinum
557 2590 602 2633 est.
616 2581 651 2633 H.
751 2598 806 2640 ren
819 2589 846 2632 ct
855 2586 988 2648 enuispro
997 2583 1091 2631 armti:
1104 2589 1188 2639 recte;
1197 2596 1262 2630 nam

231 2659 329 2723 uilloc
335 2662 508 2724 egost'cannos
512 2677 602 2721 ponere
610 2661 701 2725 dignus
751 2665 776 2713 ei
786 2679 857 2711 arma
868 2660 992 2730 sequitur.
1006 2658 1121 2712 Martial.
1130 2684 1142 2703 ιι
1156 2659 1264 2711 Emeri-

194 2754 270 2789 etam.
279 2736 456 2801 Canospotrere
465 2734 539 2800 prim.
550 2743 576 2786 et
585 2735 701 2803 quinque
752 2746 792 2789 tos
799 2736 883 2790 Musis
892 2749 918 2790 et
926 2735 1024 2790 Phoebo
1032 2736 1138 2788 tradidit
1146 2753 1235 2786 annos.
1247 2758 1261 2782 s

197 2815 246 2869 alii.
256 2813 309 2867 Sed
319 2832 403 2883 neque
413 2813 486 2877 anui,
495 2832 578 2881 neque
587 2813 643 2867 cani
654 2813 703 2867 boc
752 2815 826 2868 H.-
835 2815 950 2869 Pessime
963 2832 992 2868 ac
1005 2813 1145 2868 foedissime
1159 2813 1187 2864 in
1199 2813 1264 2880 qui-

196 2913 272 2948 sensu
285 2892 344 2945 satis
357 2891 435 2945 latine
449 2902 592 2962 ponuntur.
610 2892 702 2960 Quare
752 2896 861 2952 busdam
873 2896 967 2966 legitur
977 2902 1055 2948 armis
1065 2916 1073 2947 ,’
1085 2895 1113 2950 in
1128 2892 1182 2946 aliis
1194 2912 1263 2963 per-

196 2971 299 3041 relrngo
315 2989 394 3022 ausos
410 2973 515 3023 condere
528 2990 536 3021 .·
553 2970 588 3023 sic
600 2973 704 3023 condere
752 2979 857 3047 spicue,
870 2984 952 3030 anm,
970 2976 1082 3030 Miseret
1094 2995 1136 3030 me
1148 2974 1264 3029 Merula

196 3060 293 3104 etatem
304 3060 421 3114 veteres,
435 3060 466 3102 ut
477 3060 504 3102 et
516 3052 621 3103 condere
631 3050 704 3101 soles.
752 3074 814 3109 cum
833 3055 887 3109 ,uia
902 3059 1010 3108 matis
1030 3060 1123 3114 amis,
1145 3070 1202 3121 qua
1219 3051 1264 3106 hie

235 3129 271 3180 16.
288 3129 436 3181 Sarmaticis
453 3131 524 3181 Iocis.
541 3129 617 3194 Jugts
634 3144 704 3196 qua·
753 3134 825 3188 nulla
835 3144 905 3188 me,
925 3133 1022 3187 Lucan,
1040 3133 1082 3187 lib.
1102 3135 1131 3202 1,
1143 3154 1178 3186 vg
1196 3133 1263 3199 343,

198 3219 259 3261 tuor
270 3209 328 3260 libri
338 3220 447 3263 veteres.
460 3207 498 3260 Η.
753 3231 807 3280 que
812 3214 885 3265 sedes
894 3215 942 3262 etii
951 3215 1060 3264 emeretis
1067 3212 1083 3263 ?
1091 3221 1118 3263 ct
1125 3209 1206 3262 Tacit.
1213 3207 1263 3260 sub

232 3305 269 3354 17.
283 3287 312 3336 Ia
324 3306 388 3338 casa
399 3290 521 3340 ducuntur
529 3295 577 3339 etc.
590 3283 705 3340 Narium
753 3288 836 3341 linem
848 3285 905 3340 libri
916 3286 928 3339 1
941 3286 1009 3340 Hist.
1021 3288 1171 3339 Percennius
1182 3292 1208 3333 et
1220 3285 1263 3332 Vi·

199 3361 318 3430 exemplo
333 3404 340 3429 ,
360 3383 417 3433 quae
440 3365 518 3436 longa
541 3365 704 3435 navigatione
752 3368 857 3418 belenus
867 3365 988 3416 militibus
1000 3381 1075 3429 aeros
1086 3362 1193 3415 emetis
1205 3359 1262 3405 iar-

197 3439 317 3512 procellis
325 3441 476 3509 agitatae,iu
486 3441 618 3495 navalibus
628 3461 706 3512 repo-
751 3447 852 3510 giemus.
870 3469 902 3479 -
920 3439 1019 3501 Annei,
1041 3437 1135 3500 idest,
1153 3441 1264 3501 propter

198 3517 705 3589 uruntur,sesenerodicitplacidaquiete
756 3529 926 3575 senectutem.
939 3519 1035 3571 linunt.

198 3598 237 3651 uti
250 3597 376 3652 debuisse.
786 3619 825 3650 oa.
837 3599 959 3650 Pouetad
965 3598 1087 3660 antiquos.
1099 3588 1199 3643 Milites
1208 3590 1266 3643 sin·

235 3696 272 3747 ¹9·
280 3680 318 3729 Ne
325 3680 416 3736 cadat,
426 3685 454 3728 et
460 3677 658 3741 mltaspatms
667 3681 706 3730 ie·
722 3739 724 3742 y
753 3674 807 3745 gula
822 3672 952 3744 perfuncti
968 3668 1078 3737 militia,
1094 3667 1267 3722 donabantur

198 3757 313 3810 honestet
327 3761 438 3825 adeptas.
458 3755 541 3807 Iocus
552 3765 703 3824 corruptus:
755 3755 883 3825 septenis,
894 3751 1043 3823 pluribusve
1056 3748 1196 3818 aliquando
1205 3789 1212 3815 ,
1221 3750 1267 3816 ju·

199 3837 313 3888 ademtos
327 3852 366 3902 pr.
380 3832 456 3888 Polit.
472 3843 499 3884 et
513 3830 704 3900 Rotteudorpb.
759 3834 861 3903 geribus
867 3844 955 3896 tem,
962 3847 1016 3899 quo
1023 3839 1129 3899 possent
1135 3828 1267 3896 reliquum

198 3915 313 3968 aientes
327 3911 391 3967 alter
404 3909 541 3973 Politiani;
552 3911 652 3977 adeptis
665 3931 704 3979 pr.
756 3911 816 3964 rite
822 3929 906 3980 agere.
914 3906 1137 3961 Solebantautem
1145 3948 1153 3972 ,
1161 3921 1241 3975 quom
1249 3922 1267 3954 a

198 3991 283 4046 Vatic.
295 3989 373 4056 alius,
388 3995 494 4060 adeptus
506 4006 514 4039 .·
526 3987 609 4043 scribe
622 3991 707 4041 eruitis
754 3984 1032 4053 militiadiscederent,
1042 4006 1115 4040 arma
1123 3979 1264 4038 alicuiDeo

197 4073 308 4138 adeptis,
321 4068 448 4126 nimirum
455 4063 615 4138 patruisSed
623 4083 709 4135 quum
756 4064 916 4134 impendere
931 4085 938 4121 a
954 4084 1035 4136 quarn
1046 4083 1105 4122 rem
1115 4077 1169 4117 non
1181 4055 1267 4109 modo
