2722 4702
304 330 1046 404 THEODORO.AVELTHUISEN.
1139 334 1204 429 497

149 468 218 541 Cur
234 497 319 567 opus
336 469 497 554 adfectas,
515 469 607 570 quod
627 470 735 565 legum
752 474 886 547 tetricus
900 495 1014 550 auctor

199 584 371 669 Vindicat,
389 601 427 656 ut
443 583 570 685 pupulo
589 585 740 658 consulat
756 588 826 687 ipse
844 618 914 663 suo.

150 697 254 792 Regis
271 699 312 771 ab
331 697 479 798 exemplu
497 718 658 801 precepta
675 701 817 776 salubria
834 704 941 803 pubes
1165 732 1211 784 155

201 813 361 899 Romula,
380 843 519 914 eumque
537 843 623 888 nuru
640 834 743 889 mater
757 818 894 893 honesta
909 839 1008 921 petat

153 926 288 1001 Exsulet
306 928 340 1001 in
357 929 510 1031 Scythico
530 932 702 1004 Romanus
719 929 815 1006 litore
831 951 941 1023 rates,

203 1045 305 1120 Cedat
322 1045 473 1120 adulterii
490 1046 607 1121 doctor
622 1048 665 1121 ab
681 1050 763 1122 urbe
779 1050 842 1149 pia.

153 1165 229 1236 Nou
246 1164 329 1235 bene
345 1164 387 1236 ab
405 1165 520 1259 ignaro
537 1163 711 1239 discuntur
723 1183 836 1267 stupra
854 1186 970 1267 poeta,

202 1281 290 1375 Qui,
309 1281 472 1379 quianon
489 1282 601 1365 novit,
620 1282 707 1355 furta
726 1283 843 1358 docere
860 1286 984 1386 nequit.
1170 1314 1218 1364 160

154 1393 251 1489 Legis
270 1392 365 1466 Iuleae
384 1395 492 1468 Cesar
507 1394 578 1468 siue
596 1395 731 1468 crimine
747 1396 883 1484 vindex,

203 1508 326 1609 Aptior
342 1507 381 1579 ad
404 1505 536 1582 Veneris
556 1510 672 1605 gaudia
691 1509 807 1584 doctor
821 1514 893 1587 erit.

155 1625 232 1697 Nun
248 1624 344 1696 docet
363 1623 417 1696 ille
435 1625 533 1698 rudes
550 1626 720 1700 custodem
737 1627 847 1700 fallere
863 1640 998 1719 matres,

205 1742 275 1810 Aut
290 1739 397 1831 vigilis
414 1767 522 1812 curam
542 1741 689 1842 decipere
705 1760 774 1817 arte
791 1743 862 1816 riri.

158 1853 236 1924 Non
254 1851 306 1922 bic
323 1850 511 1938 blanditiis,
530 1882 598 1927 uun
614 1884 800 1952 expugnare
813 1858 940 1954 puellas
1177 1883 1223 1936 165

209 1971 365 2053 Munere,
382 1995 453 2039 uuu
471 1967 577 2040 ductis
593 1966 767 2038 sollicitare
782 1969 889 2040 modis
901 1999 910 2054 ;
1285 1939 1360 2095 f

161 2088 225 2162 Sed
244 2113 356 2186 rapere
373 2112 390 2155 e
409 2080 539 2176 gremiis
552 2098 673 2178 nuptas
688 2081 856 2155 coufessus
873 2082 1001 2158 adulter
1275 2102 1286 2121 ‘

210 2206 371 2302 Imperat,
390 2214 424 2271 et
439 2225 547 2269 coram
562 2197 698 2294 jungere
712 2196 855 2271 membra
874 2198 954 2272 rim.

161 2316 340 2392 Pellieibus
356 2312 459 2415 replet
477 2312 593 2386 lasciva
610 2310 729 2413 palatia
745 2313 871 2402 Cesar,

209 2429 334 2530 Turpia
350 2455 431 2528 quas
448 2444 571 2521 cogunt
586 2426 675 2522 regia
689 2427 780 2526 jussa
797 2427 876 2526 pati.
953 2464 957 2481 ·
1010 2472 1026 2489 -·
1040 2450 1055 2475 -·
1178 2473 1186 2505 ι
1208 2472 1225 2504 ο

161 2546 336 2647 Tarquinii
352 2545 463 2648 proles
479 2575 538 2618 cur
552 2546 621 2619 baee
637 2574 705 2617 nou
724 2564 872 2644 tempora
889 2546 987 2639 ridt,

108 2730 111 2737 ,
213 2663 379 2734 Romanas
397 2659 489 2732 licuit
506 2662 580 2757 quis
601 2677 755 2734 temerare
771 2656 903 2733 nurus?

156 2768 250 2857 Tuta
268 2775 334 2848 sub
345 2776 501 2870 Auguste
516 2772 647 2847 tueivia
665 2792 755 2865 tauta
768 2770 904 2859 suisset,

214 2892 283 2964 Nec
300 2891 421 2988 patrias
436 2906 533 2962 uatus
547 2889 782 2991 praecipitasset
799 2915 890 2989 opes.

167 3007 293 3080 Lentus
307 3003 526 3089 adulterium,
546 3020 583 3076 tu
601 3002 781 3092 Collatine,
799 3002 943 3089 rideres,
1178 3031 1228 3101 175

217 3126 262 3196 Et
276 3122 399 3195 veniam
418 3120 544 3208 sceleri,
561 3122 664 3196 Brute
680 3121 810 3222 quiete,
830 3121 934 3195 dares.

168 3239 268 3314 Nulla
286 3240 348 3312 sub
366 3241 429 3311 boe
444 3237 584 3311 dubium
599 3238 695 3312 faciet
707 3238 859 3312 Lucretia
873 3265 1031 3333 regnum,

219 3358 392 3455 Raptaque
410 3381 551 3427 servares
569 3372 713 3454 sceptra,
730 3354 887 3455 superbe,
906 3380 1014 3425 mauu.

172 3475 328 3547 Moribus
343 3471 417 3556 bis,
436 3471 584 3558 demens,
602 3488 688 3545 artes
704 3472 873 3570 componis
887 3469 1035 3556 amandi,

171 3607 175 3616 “
222 3594 330 3673 Naso,
347 3617 464 3690 parurn
480 3586 556 3661 secli
573 3613 672 3682 gnare
688 3606 785 3688 poeta
802 3588 860 3661 tui.
1180 3613 1226 3662 rso

174 3707 262 3801 Quis
279 3725 394 3806 stupor
410 3705 480 3791 bic,
498 3702 579 3777 nulli
596 3731 663 3776 uon
679 3705 811 3798 cognita
826 3705 952 3778 tradere
968 3705 1114 3780 chartis?

224 3825 339 3896 Pereat
358 3825 398 3896 ad
413 3822 595 3922 exemplum
611 3848 700 3895 cerea
720 3822 816 3896 turba
833 3823 934 3896 dueis.

177 3938 264 4034 Quis
279 3939 383 4011 media
402 3939 440 4011 de
456 3938 553 4040 plebe
568 3967 668 4039 puer,
686 3966 758 4038 quae
773 3938 883 4031 virgo,
899 3936 950 4009 vel
965 3960 1065 4021 uxor,

228 4053 311 4147 Quae
326 4052 434 4138 rudis,
453 4057 607 4149 Augusto
622 4081 720 4148 regua
737 4069 884 4138 tenente,
900 4051 987 4123 fuit?

296 4199 384 4267 VII.
985 4197 1026 4263 3²

1315 2195 1322 2213 Ι

1154 2198 1181 2283 ‚l¹
