2722 4702
181 250 192 287 Ι

285 292 352 359 nx
376 291 559 361 nonno
581 294 687 361 nm-
707 297 762 363 11.
788 297 955 365 errsr.
982 301 1051 369 m.
1138 301 1201 386 343

141 436 237 507 Nunc
253 433 334 507 mibi
352 434 521 530 naufragio
539 435 618 536 qnid
636 437 769 536 prodest
784 436 906 512 discere
921 439 1028 531 sacto,

190 552 301 646 Quum
320 576 389 622 meo
408 549 558 623 debuerit
577 579 705 625 currere
724 552 839 652 cymba
855 553 967 628 num?
1017 602 1022 612 »

140 663 280 738 Brachia
300 663 341 736 da
356 662 441 736 lasso
461 665 574 765 potius
590 667 780 765 prendenda
797 668 943 754 nutanti;

192 780 259 850 Nec
275 777 385 877 pigeat
401 795 513 851 mento
529 778 743 878 subposuisse
761 808 903 853 manum.

141 893 246 992 quue
265 891 360 972 sacis,
380 892 544 994 sut-iusque
561 923 702 995 precor:
718 896 764 968 sic
783 912 886 969 mater
902 911 935 968 et
952 923 1055 986 uxor,
1179 920 1208 971 15

192 1006 246 1077 Sic
268 1004 327 1077 tibi
343 1004 410 1077 sint
422 1005 553 1095 fratres,
573 1025 707 1109 totaque
725 1008 812 1085 salva
830 1009 959 1081 domus.

145 1123 312 1222 Quodque
327 1121 414 1195 soles
431 1125 560 1208 animo,
580 1127 669 1226 quod
686 1154 814 1226 semper
829 1153 907 1198 voce
926 1122 1069 1225 precari,

193 1239 314 1314 Omnia
334 1239 521 1314 Cesaribus
539 1242 585 1313 sic
603 1261 658 1315 tun
676 1246 760 1317 iacta
776 1243 907 1343 probes.

145 1355 255 1455 Turpe
274 1355 336 1428 erit
351 1355 385 1426 in
405 1357 534 1429 miseris
552 1357 651 1428 reteri
672 1359 732 1428 tihi
751 1359 850 1431 rebus
867 1357 973 1431 aurien

190 1471 362 1546 Auxilium
378 1472 467 1546 nullu
484 1490 577 1573 parte
597 1472 710 1545 tulisse
731 1490 834 1546 tunm.
935 1466 938 1472 ’

148 1588 259 1690 Turpe
276 1588 396 1663 referre
413 1590 551 1690 pedem,
569 1614 628 1660 nec
648 1615 745 1688 passu
764 1605 848 1661 stare
867 1588 994 1662 tenaci:

192 1705 307 1805 Turpe
324 1696 531 1779 laborantem
551 1706 733 1778 deseruisse
750 1723 862 1778 ratem.

145 1821 260 1920 Turpe
281 1818 375 1919 sequi
391 1848 517 1908 cusum,
534 1840 568 1896 et
586 1822 727 1895 fortune
744 1821 873 1910 cedere,
891 1822 1032 1897 amicum

195 1937 260 2022 Et,
279 1934 343 2009 nisi
362 1933 407 2008 sit
419 1936 510 2023 tetis,
528 1966 598 2013 esse
617 1966 735 2031 negare
751 1966 858 2011 suum.

148 2053 226 2125 Non
244 2051 290 2123 ita
305 2049 458 2123 vixerunt
475 2053 635 2152 Strophio
651 2069 751 2152 utque
766 2053 1015 2144 dgamemnone
1031 2052 1124 2125 nati:
1180 2072 1213 2155 πᾷ

195 2165 272 2237 Non
290 2161 360 2236 bne
377 2162 506 2257 AEgidae
522 2165 730 2265 Pirithoique
747 2163 838 2236 fides.

148 2280 245 2376 Quos
263 2279 358 2379 prior
375 2295 427 2352 est
444 2277 579 2366 mirata,
596 2306 739 2383 sequens
757 2276 931 2395 mirabitur
951 2292 1050 2373 aetusj

195 2399 235 2469 ln
253 2425 395 2497 quorum
413 2393 551 2497 plausus
567 2414 636 2473 totu
655 2399 781 2471 theatra
798 2412 938 2470 sonunt-

149 2511 202 2582 Tu
219 2539 372 2612 quoqne,
388 2514 584 2613 perdurum
603 2533 730 2587 sereno
749 2530 877 2614 tempus
894 2508 1018 2618 amico,

195 2629 328 2726 Dignus
345 2659 379 2706 es
397 2632 431 2704 iu
451 2632 552 2706 tontis
569 2659 691 2706 nomen
708 2609 828 2706 babere
849 2626 934 2707 viris.
1180 2650 1215 2702 tu

148 2744 279 2844 Dignus
295 2777 352 2823 es:
369 2768 402 2824 et
419 2751 575 2848 quoniam
591 2748 721 2824 taudem
740 2750 860 2850 pietate
877 2748 1028 2834 mereris,

186 2923 222 2956 n.
239 2905 607 2968 Qm'dmdestdtcere.1mmo
616 2907 658 2956 di-
706 2904 827 2959 distincto
841 2925 856 2958 a
869 2905 1006 2968 Fortuna,
1024 2902 1082 2955 vide
1096 2901 1213 2971 Quinti-

152 2995 219 3030 scere
230 2997 290 3031 cum
309 2979 410 3031 Samos.
426 2990 454 3031 et
466 2980 521 3034 attis
532 2981 658 3049 quinque.
705 2980 822 3046 lienum,
836 2981 953 3034 Decium.
965 2980 1015 3045 lv,
1033 2981 1067 3032 13.

108 3071 111 3075 ·
190 3059 659 3131 12.Quameadeduerr‘tcsrrerecyn·
739 3061 779 3111 25.
793 3062 896 3110 Nonr'ta
907 3063 1028 3110 viserunt.
1050 3057 1109 3110 Non
1124 3055 1159 3109 ita
1170 3076 1213 3111 se·

153 3133 250 3184 bavis
271 3134 351 3198 Quam
365 3138 433 3186 niam
446 3152 513 3188 unus
526 3132 659 3187 Hafnien-
706 3135 758 3187 euti
774 3145 837 3188 sunt
855 3153 957 3188 casum.
977 3133 1124 3186 deserendo
1137 3135 1211 3189 sein

153 3208 187 3261 sis
205 3218 231 3261 et
249 3229 318 3264 unus
330 3212 487 3272 Vossianus;
499 3219 577 3265 reete.
588 3209 658 3264 Vide
708 3210 1213 3281 adversis-NatiStmphs'oatqueAffa-

154 3298 229 3340 notas
240 3289 320 3342 Trist.
330 3292 365 3356 V,
375 3292 447 3360 Eleg.
456 3308 497 3344 vn
506 3331 514 3357 ,
524 3309 559 3344 vs,
571 3290 610 3343 36.
622 3289 659 3343 Η.
707 3278 840 3341 memnone.
848 3287 972 3358 Pyhdem
982 3286 1137 3342 etOrestern
1145 3292 1214 3361 opti-

190 3386 226 3435 ¹7·
240 3370 315 3432 Quod
321 3372 386 3421 soles
395 3373 597 3435 semperprecan'
604 3373 660 3420 asi·
708 3385 765 3419 mos
776 3376 802 3419 et
815 3383 889 3418 raros
904 3365 999 3417 anricus
1013 3364 1129 3436 designat
1144 3388 1150 3422 ε
1163 3368 1214 3423 suit

152 3462 199 3495 oro.
219 3442 311 3512 Quam
329 3463 385 3498 rem
401 3464 505 3514 semper
524 3452 614 3495 mente
632 3451 660 3494 et
708 3444 780 3496 enim
804 3442 913 3515 Pylades
934 3441 1050 3511 Strophii
1074 3442 1214 3500 Phocensis

153 3521 231 3575 eorde
240 3543 298 3577 oras
308 3544 314 3584 ;
327 3535 358 3575 ut
368 3523 462 3578 scilicet
470 3522 564 3592 probes
571 3518 660 3572 omnin
709 3519 784 3574 filins.

154 3613 199 3656 tua
208 3605 276 3658 farta
288 3602 442 3657 Cesaribus.
742 3600 782 3652 sb.
794 3601 899 3668 AEffidae.
906 3597 1018 3666 Thesei,
1034 3601 1079 3669 qni
1088 3601 1156 3658 filius
1166 3604 1215 3656 suit

192 3683 227 3732 18.
237 3685 384 3735 Cesaribus.
396 3683 526 3749 Augusto,
536 3676 660 3744 Tiberio,
709 3679 803 3747 AEgei,
820 3689 847 3734 et
860 3679 970 3734 Pirithoi
987 3680 1162 3738 amicissimus

158 3753 261 3822 Druso,
276 3778 305 3811 ac.
314 3759 420 3812 ceteris.
743 3758 1043 3825 nummularius.
1054 3761 1085 3814 In
1099 3776 1212 3830 quorum

192 3833 231 3884 23.
254 3836 512 3904 Turpesequs'casm.
525 3830 661 3886 Disticbon
710 3831 823 3886 letitiam
837 3844 863 3887 et
874 3833 983 3890 fusores.
996 3866 1027 3877 —
1044 3839 1109 3889 Tota
1118 3839 1216 3887 theatra

159 3910 300 3967 Ouidianae
314 3930 386 3964 rene
397 3912 433 3965 nil
444 3911 522 3963 habet
534 3930 541 3962 ι
553 3928 600 3977 pro
601 3909 663 3976 sor-
710 3910 877 3966 som!.Totu
886 3913 985 3967 theatra
994 3920 1214 3973 resonant,quum

157 4000 224 4044 tnnoe
235 3994 331 4045 cedere,
346 3989 454 4055 Argent.
466 3989 569 4041 sarm.
577 3998 603 4039 et
612 3998 663 4042 tres
711 3988 743 4039 de
763 3986 812 4043 ibis
827 3991 958 4061 tngoediae
975 3986 1131 4067 composito.
1143 3982 1215 4036 reci-

159 4068 200 4122 atii
209 4107 217 4136 ,
224 4064 662 4135 ferduaaeaccedem.H.-Decaess,
711 4075 808 4121 tantur.
