2722 4702
902 227 912 260 Ι

146 331 211 397 362
292 397 297 403 ,
403 346 406 351 ·
432 328 477 404 P,
499 325 676 393 OVIDII
702 321 929 391 NASONIS

144 471 212 544 Nec
229 462 301 539 inea
316 464 462 562 subjecta
478 463 624 536 convicta
643 479 693 536 est
709 487 834 557 gemma
852 460 973 536 tabella

193 581 386 656 Mendacem
405 579 481 653 linis
498 578 695 678 imposuisse
710 594 833 650 notam.
1175 621 1207 674 7⁰

145 701 213 771 Nec
231 694 431 797 quidquam,
452 694 540 795 quod
559 692 629 788 lege
645 712 733 767 veter
749 692 972 778 committere,
990 692 1075 776 feci:

194 814 238 883 Et
256 828 362 882 tamen
382 809 435 883 his
452 810 582 904 gravior
594 836 682 881 noxa
697 806 827 881 fatenda
843 805 926 878 mihi
944 824 1003 880 est

144 929 233 1000 Neve
249 952 344 1020 roges
361 924 440 1025 quid
459 924 520 1008 sit;
538 922 672 997 stultam
688 921 943 1021 conscripsimus
960 923 1097 999 Artem

194 1042 356 1112 lnnocuas
371 1038 470 1111 nobis
485 1038 553 1109 baec
570 1053 658 1110 vetat
675 1063 746 1110 esse
764 1063 890 1108 manus.

145 1154 274 1256 Ecquid
292 1171 446 1255 praterea
461 1153 643 1253 peccarim,
664 1179 808 1252 quaerere
825 1149 916 1237 noli;

196 1276 238 1346 Ut
255 1290 365 1372 pateat
381 1270 451 1345 sola
469 1269 565 1371 culpa
581 1271 644 1344 sub
661 1271 743 1344 Arte
761 1296 843 1341 mea.

146 1388 321 1489 Quidquid
338 1387 373 1459 id
390 1404 460 1474 est,
479 1386 582 1460 habui
599 1384 799 1458 moderatam
816 1383 957 1457 vindicis
972 1383 1078 1456 iram:

194 1501 281 1596 Qui,
301 1500 363 1574 nisi
382 1499 539 1586 natalem,
556 1497 604 1572 nil
622 1498 703 1571 mihi
719 1497 852 1582 demsit,
871 1497 1018 1570 humum.

145 1618 216 1689 Hac
235 1615 392 1712 quoniam
409 1641 523 1698 careo,
543 1630 599 1686 tua
612 1641 702 1686 nunc
717 1613 836 1685 vicinia
853 1629 1000 1713 praestet,

192 1730 304 1804 lnviso
320 1729 444 1830 possim
463 1746 553 1802 tutus
571 1747 610 1802 ut
627 1756 697 1803 esse
713 1728 798 1804 loco.
1170 1751 1205 1802 oo

175 1903 215 1972 (iq
227 1903 284 1954 Non
297 1919 352 1953 mea
364 1901 479 1965 subiecta
489 1906 651 1981 consideres!
696 1905 773 1956 tenda
784 1907 853 1956 ms'di.
870 1906 907 1957 Et
919 1913 1004 1956 taureis
1020 1901 1208 1969 passales&

141 1999 236 2048 gemma
244 1982 338 2032 tabella
345 1980 493 2032 dsendacess
502 1984 566 2032 ceris
571 1985 652 2047 inspo-
698 1986 810 2038 mihies!
820 1983 914 2037 rectius
929 1994 982 2036 tres
993 1991 1103 2035 veteres.

143 2061 324 2110 suissenoiam.
340 2059 413 2109 Liris
426 2062 575 2124 imposuisse
586 2057 651 2111 scri·
727 2062 765 2130 73.
775 2062 1205 2129 Neverogespnaesitstuliassqm

45 2182 52 2187 .
143 2133 261 2188 bendum
271 2154 332 2188 cum
344 2134 448 2188 sams.
463 2133 587 2205 scaligeri
606 2154 652 2190 co-
697 2144 842 2205 scripsimus
851 2150 936 2191 artem.
945 2137 1086 2190 Mdocum
1095 2146 1207 2205 quatuor

143 2210 215 2277 dice,
228 2214 434 2282 Argentetuno
443 2211 573 2266 Vaticano
582 2232 588 2264 :
597 2212 652 2265 vin·
697 2218 820 2286 antiquis,
829 2241 842 2264 s
856 2218 927 2271 Neve
938 2235 1013 2285 roges
1020 2215 1207 2284 quidsitastul·

143 2288 201 2344 culs
213 2289 281 2345 linea
290 2290 410 2359 intelligit
421 2308 479 2358 quoe
492 2289 591 2343 tabellis
605 2291 652 2343 ob·
698 2305 752 2347 tam
765 2296 963 2365 conscripsimus
975 2296 1077 2346 Artem.
1092 2315 1105 2340 υ
1120 2293 1157 2347 Η.

145 2370 277 2438 signandis
288 2368 405 2424 adbiberi
415 2368 489 2421 solita
501 2387 508 2420 ε
521 2369 567 2422 lini
578 2371 651 2423 enim
732 2376 893 2441 75.litpuid.
912 2373 1014 2439 Ecquid
1020 2370 1126 2426 Sarrar.
1140 2369 1208 2423 Mc-

145 2466 206 2500 usus
217 2449 243 2499 in
255 2443 422 2514 obsignandis
439 2445 538 2499 tabellis
556 2456 651 2499 notus:
698 2447 1206 2518 doniiunuscumprimaedition03quod

145 2526 221 2579 multi
230 2534 350 2576 veterum
359 2525 449 2589 lii-is,
463 2523 532 2591 quod
543 2522 652 2590 Cuiacio
698 2531 810 2598 probant
820 2529 945 2583 Heinsius
963 2541 988 2584 et
998 2529 1180 2583 Rumnannus«

146 2605 257 2659 Observ-
270 2603 313 2656 lib.
326 2602 381 2666 xl,
394 2618 450 2669 cap.
465 2607 509 2669 14,
522 2603 650 2670 placebat,
732 2607 772 2674 75.
786 2607 923 2670 Uipstani.
934 2606 1027 2659 Malim
1036 2612 1129 2666 lateat,
1146 2626 1207 2660 cum

145 2684 187 2736 alii
202 2688 297 2750 scynis,
310 2682 448 2734 Barberin.
460 2685 569 2746 sabaim
586 2681 651 2734 alius
698 2682 1207 2738 Puteaneoesundecimatiis:studiose

146 2767 241 2816 ciariis
252 2782 260 2815 .’
271 2772 396 2829 preterea
405 2760 485 2830 priori
500 2778 591 2826 versu,
595 2758 653 2826 sal·
699 2763 770 2815 enirn
780 2780 886 2831 semper
898 2781 991 2815 verum
1002 2763 1101 2815 crimen
1115 2761 1188 2816 celat.

145 2845 201 2893 iaci
208 2844 323 2893 cossim
333 2847 371 2891 esi
380 2856 478 2905 gemma
487 2839 579 2904 sigillo,
592 2836 653 2891 See·
732 2859 770 2909 77.
781 2840 942 2906 Quidqsrtiid
948 2849 994 2892 esi.
1006 2840 1207 2908 Qualecumque

147 2917 220 2988 ligeri
233 2915 313 2970 codex
330 2935 337 2969 :
355 2915 425 2985 quod
442 2924 469 2968 et
483 2912 606 2982 Cujacius
623 2913 652 2966 in
700 2927 739 2969 est
752 2916 793 2982 id,
806 2917 1211 2986 cujuscausarelegatussum-

147 2998 199 3050 suis
210 2994 348 3050 videbatur
358 2993 496 3049 invenisse.
509 2995 609 3048 Huius.
621 3019 653 3034 -·
699 2996 950 3047 Habut'imoderalam
959 2999 1070 3049 vindicis
1078 3000 1209 3050 damlia-

149 3079 255 3129 Gemma
264 3094 327 3127 mea.
343 3074 421 3128 Meus
434 3072 546 3126 annulus
568 3082 595 3125 et
614 3071 652 3125 si·
699 3077 745 3126 ini
753 3084 856 3143 praestat
868 3092 930 3126 curn
945 3074 1086 3128 nonnuliis.
1101 3077 1138 3129 H.

149 3153 255 3222 gillum,
276 3165 400 3222 tanquam
419 3151 485 3204 [also
496 3149 653 3220 signaverim
735 3154 773 3221 78.
785 3155 836 3205 Nil.
849 3152 921 3205 Nihil
933 3150 1011 3204 aliud.
1025 3153 1151 3224 intelligit
1163 3173 1210 3207 au-

147 3230 471 3296 cassaneam-satjau
479 3228 653 3281 subirasci)-
700 3243 754 3285 tem
765 3229 892 3295 fortunas,
903 3249 961 3299 quse
968 3231 1096 3283 exsulibus
1109 3232 1209 3286 adime·

149 3310 231 3375 posita
249 3309 442 3362 testamentaria
455 3306 555 3360 tabella.
699 3311 809 3377 bantur,
822 3310 870 3363 sibi
877 3310 1024 3363 relictas-
1032 3312 1091 3363 Nisi
1097 3316 1210 3365 saieleae

181 3406 220 3454 70·
234 3389 382 3441 Modaceos
394 3401 486 3439 notam·
500 3386 604 3438 Falsum
616 3385 652 3438 tl·
699 3395 806 3444 humum.
815 3391 871 3444 Nisi
880 3390 965 3442 solum
977 3390 1146 3452 Romanum,
1160 3390 1206 3440 ubi

150 3462 247 3529 [tilium
267 3465 305 3517 lli
317 3474 406 3516 aulem
422 3483 436 3514 ὃ
457 3464 582 3516 Romanis
601 3462 654 3516 de·
700 3469 823 3522 educatus
833 3486 891 3521 sum
902 3507 909 3535 ,
922 3466 1051 3520 mittendo
1064 3484 1105 3516 me
1117 3465 1145 3515 iu
1158 3483 1206 3516 ex-

148 3538 270 3606 prelsensi
289 3551 315 3592 et
333 3539 461 3600 convicti,
482 3540 654 3592 mittebantur
700 3547 794 3599 sitium.

148 3621 175 3671 in
188 3619 313 3672 exsilium.
735 3644 772 3695 pq
789 3625 845 3674 Tua
859 3627 959 3676 vicistis.
968 3621 1018 3674 Tui
1027 3616 1116 3688 populi
1126 3618 1208 3673 sicini

182 3715 220 3766 7¹·
238 3698 313 3760 Quod
320 3699 374 3763 lege
387 3703 459 3748 utor.
478 3697 656 3751 Veterexme·
701 3701 849 3754 Tomitana
861 3700 926 3755 urbi.
940 3700 1016 3752 tiss.
1026 3724 1059 3736 —
1075 3698 1099 3748 Τ
1096 3717 1130 3749 sa
1142 3718 1209 3752 usuc

147 3773 262 3827 lioribus.
277 3774 312 3825 Η.
700 3783 804 3830 viciniis.
813 3778 924 3846 Propter
931 3773 1092 3829 vicinitatem
1099 3774 1151 3830 hoc
1160 3775 1207 3829 ml·

179 3875 218 3927 7²·
230 3854 370 3907 Estiones
381 3854 656 3923 hi'sgravioruosass·
703 3853 729 3906 bi
744 3867 835 3924 praesta
848 3851 1011 3910 beneficium.
1026 3853 1116 3907 Ponr.

557 4020 793 4046 *-
