2722 4702
32 350 40 361 ·
143 326 210 410 sss
410 325 451 390 r.
486 323 662 390 ovruu
692 318 918 388 unsours

191 467 351 563 Vanaque
367 461 518 537 sollicitis
538 460 658 535 incutit
673 461 790 534 umbra
807 477 941 534 metum.
985 528 987 530 ,

145 579 199 653 Sic
218 608 278 675 ego
294 577 436 652 sortunae
455 575 528 651 telis
545 576 693 651 confixus
709 576 849 676 iniquis,

191 693 329 765 Pectore
345 690 498 790 concipio
516 690 562 763 nil
580 690 644 763 nisi
663 690 754 765 triste
770 718 853 762 meo.

142 812 216 883 Jam
236 811 317 883 mibi
330 810 397 884 sata
415 809 519 910 liquet
537 826 663 909 coeptos
680 806 838 881 serrantia
855 833 972 880 cursus

193 927 256 999 Per
272 925 337 999 sibi
354 942 527 997 consuetas
546 951 674 1023 semper
689 923 776 996 itura
791 922 870 1004 rias.

145 1039 329 1113 Observare
344 1040 451 1125 Deos,
467 1065 509 1112 ne
527 1037 606 1138 quid
624 1036 705 1110 mihi
725 1036 818 1110 cedat
834 1034 950 1123 amice;

192 1154 370 1255 Verbaque
384 1155 525 1227 fortune
543 1153 595 1226 vix
612 1172 695 1254 puto
714 1180 812 1253 posse
829 1150 909 1225 dari.
933 1219 937 1226 .

146 1273 209 1345 Est
224 1270 272 1343 illi
292 1299 376 1344 curae
393 1299 445 1344 me
462 1269 617 1370 perdere,
632 1294 776 1369 'quaeque
792 1265 920 1341 solebat

194 1390 276 1460 Esse
295 1386 393 1471 levis,
413 1404 569 1461 constans
587 1402 619 1459 et
636 1385 721 1458 bene
738 1400 824 1458 certa
836 1398 944 1457 nocet„

148 1502 253 1577 Crede
270 1502 369 1587 mihi,
389 1502 416 1574 si
434 1531 508 1577 sum
523 1503 590 1576 veri
608 1500 670 1575 tibi
686 1501 840 1594 cognitus
849 1486 942 1585 oris,

192 1618 262 1689 Nec
280 1616 369 1689 fraus
384 1616 417 1685 in
433 1616 558 1688 nostris
575 1615 705 1687 casibus
722 1643 792 1688 esse
807 1630 950 1714 potest3·

145 1731 320 1830 Cinyphio
336 1729 456 1825 segetis
474 1730 572 1803 citius
591 1730 781 1804 numerabis
797 1730 933 1817 aristas,

191 1843 334 1944 Altaque
354 1874 452 1945 quarn
469 1843 583 1921 multis
599 1845 714 1921 lloreat
731 1843 842 1947 Hybla
860 1843 1003 1946 thyinis,

143 1961 189 2032 Et
205 1978 290 2059 quot
305 1988 379 2034 aves
398 1961 498 2034 motis
516 1962 665 2037 nitantur
681 1961 717 2036 in
732 1989 804 2036 aera
820 1958 961 2061 pennis,

192 2079 353 2177 Quotque
369 2096 484 2153 natent
499 2079 607 2181 pisces
624 2107 774 2182 equore,
794 2094 902 2151 certus
919 2073 1005 2164 eris,

145 2190 255 2286 Quam
274 2191 335 2266 tibi
353 2211 542 2267 nostrorum
560 2211 724 2269 statuatur
739 2220 865 2267 summa
882 2189 1055 2277 laborum,

194 2311 292 2407 Quos
309 2339 372 2405 ego
390 2338 463 2383 sum
482 2327 587 2399 terra,
607 2339 691 2412 quos
710 2339 771 2407 ego
790 2337 909 2411 passus
925 2318 1040 2410 aqua
1180 2327 1211 2376 to

144 2423 242 2499 Nulla
262 2422 355 2497 Getis
373 2441 446 2501 toto
464 2454 545 2520 gens
560 2444 609 2529 est
629 2427 844 2500 truculentior
860 2426 964 2499 orbe:

195 2539 260 2613 Sed
278 2559 385 2613 tamen
400 2538 437 2613 bi
454 2542 575 2616 nostris
590 2541 777 2637 ingemuere
790 2538 895 2614 malis.

148 2656 231 2750 Quae
248 2655 309 2728 tibi
327 2654 356 2728 si
372 2657 510 2730 memori
528 2684 627 2731 coner
642 2655 844 2760 perscribere
860 2684 975 2745 versu,

182 2829 219 2892 ιζ.
235 2830 330 2879 lnce'ln!
342 2831 429 2880 umbra
444 2834 541 2880 netum.
558 2826 652 2882 Scribo
734 2828 773 2882 23.
789 2829 910 2896 Cognrtus
922 2825 1163 2880 metuendum
1180 2824 1210 2877 in

145 2909 250 2961 incutit:
268 2924 353 2973 neque
365 2905 440 2958 aliter
450 2925 497 2974 pro
505 2904 605 2958 diversa
614 2905 653 2958 lc·
701 2904 889 2959 Arondeliano.
906 2904 1006 2957 Herus.

144 2981 653 3045 ctioneBarberiuiauus;Snr·rar.codex
735 2985 774 3050 'l-
793 2982 846 3034 Nec
863 3000 978 3034 numerus
997 2986 1092 3034 nostris
1108 2981 1213 3033 tasr'hs

144 3066 277 3125 inanum,-
299 3060 426 3114 mendose
447 3080 453 3113 ε
471 3072 599 3124 terrorem,
614 3068 654 3116 te'-
701 3080 757 3114 esse
764 3066 856 3128 potest.
871 3062 924 3114 Nec
933 3059 1011 3126 frans
1023 3065 1050 3111 r'n
1059 3064 1154 3111 nostris
1166 3075 1211 3110 ce·

144 3156 370 3204 nortmannum.
381 3143 652 3208 metsnincnlerepas·
701 3142 772 3191 sibus
793 3139 903 3208 Argeut.
923 3146 949 3190 et
968 3136 1060 3190 decern
1074 3136 1136 3202 atii,
1155 3151 1213 3205 qun

144 3216 193 3267 sim
207 3216 274 3285 apud
288 3214 446 3270 Ciceronem
458 3227 484 3270 et
496 3216 608 3269 Livium.
617 3214 654 3271 H.
701 3215 779 3269 lectio
789 3215 871 3285 magis
883 3213 984 3268 adridet
999 3214 1124 3274 :Sarrau
1136 3231 1213 3266 men·

182 3312 218 3365 ¹9·
229 3296 366 3348 Observare
374 3297 456 3356 Ileos,
471 3299 576 3363 nequid.
585 3296 654 3349 Puto
703 3293 781 3357 (lose,
805 3316 816 3338 κ
831 3295 887 3347 Nec
903 3294 985 3362 planis
1001 3293 1097 3346 uostris
1112 3293 1214 3345 ensibus

146 3371 218 3426 Deos
231 3375 385 3439 observare,
400 3373 505 3443 nequid
519 3374 583 3427 rnibi
593 3376 655 3428 ami·
703 3390 756 3425 esse
775 3381 880 3442 potes.»
895 3370 931 3424 H.

145 3466 184 3513 ce,
193 3450 298 3515 bocest,
311 3468 433 3517 prospere
443 3461 520 3518 atque
531 3450 652 3518 feliciter,
736 3453 776 3502 25.
790 3450 918 3521 Cinypdr'ae
927 3453 1027 3515 segetr’s.
1042 3444 1140 3514 Cinyps
1155 3442 1212 3494 flu-

147 3525 221 3578 cedat
234 3545 241 3574 τ
248 3528 406 3595 fortuneque
421 3531 466 3579 νὴ
482 3547 559 3592 posse
578 3533 655 3582 uerba
702 3529 759 3581 vius
769 3538 809 3581 est
819 3525 1026 3585 Garamantum
1037 3519 1108 3574 Mela
1120 3518 1216 3574 scribit

147 3605 218 3670 deri,
235 3604 283 3657 boc
295 3613 347 3669 est,
362 3603 461 3672 imponi
475 3625 482 3667 ;
502 3616 530 3660 ut
541 3607 653 3661 verbum
702 3606 814 3659 lluvium
824 3603 916 3658 esseio
927 3603 1007 3676 Libya
1019 3641 1025 3666 ,
1041 3617 1089 3667 per
1100 3597 1214 3651 uberri-

142 3692 218 3750 mo,
240 3683 272 3735 ad
284 3692 426 3750 utrumque
438 3683 513 3738 colon
534 3683 656 3739 adhibea-
702 3703 745 3738 ma
754 3681 957 3736 arvacadeutem
967 3720 974 3747 ,
984 3698 998 3732 a
1007 3695 1060 3747 quo
1070 3674 1218 3747 Cinyphia

148 3773 198 3814 tur·
216 3760 256 3814 M·
702 3774 801 3832 segetes
823 3759 987 3830 adpellautur
1002 3778 1017 3810 a
1034 3755 1139 3827 poetis,
1164 3755 1212 3808 boc

182 3863 222 3893 ια.
242 3843 367 3893 Constans
381 3851 407 3895 et
420 3847 480 3896 bene
495 3853 564 3897 certa
574 3850 654 3898 noce!-
703 3849 758 3905 est,
774 3835 891 3910 1¹5le
903 3834 986 3909 Liby²
999 3835 1073 3889 enlm
1086 3835 1119 3889 0b
1131 3831 1212 3886 ¹⁰²¹l·

150 3920 227 3973 Nunc
235 3937 289 3972 non
298 3929 337 3972 est
345 3920 454 3990 amplius
462 3922 602 3987 mutabilis,
610 3930 655 3976 aut
703 3934 775 3969 ruam
792 3914 920 3969 frumenti
940 3915 1067 3986 copiam,
1087 3914 1213 3967 borreum

150 3998 212 4052 levis
224 3999 346 4062 fortuna,
356 3998 401 4051 sed
414 4009 534 4055 constans
541 4008 568 4055 et
578 3998 654 4054 firtnn
702 3993 754 4046 luit
767 3994 961 4048 Romanorum.

149 4076 178 4128 iu
190 4074 312 4131 nocendo
324 4075 396 4129 mibi.
735 4075 775 4125 ³³.
791 4077 950 4129 Perscn'bm
959 4092 1040 4128 serso.
1055 4069 1212 4131 Deslrltem
