2722 4702
272 364 340 432 EX
362 363 542 434 ΡΟΝΤΟ
565 368 661 436 LIB.
687 369 739 435 11.
763 369 935 439 EPIST.
961 374 1082 444 VIII.
1132 376 1195 444 353

192 504 279 577 Ante
298 504 538 605 triumphantes
553 535 643 581 serva
658 508 781 581 seratur
797 536 911 608 equos.
1167 537 1199 606 to

143 618 198 693 Sic
216 636 309 720 pater
325 619 360 690 in
378 619 510 720 Pylios,
530 623 679 696 Cumaeos
694 640 799 697 mater
814 625 848 696 in
863 651 969 699 annos

192 737 329 817 Vivanu
347 753 380 809 et
394 739 501 838 possis
517 737 605 811 lilius
623 767 692 813 esse
709 740 776 812 diu.

141 855 197 927 Tu
215 881 365 953 quoque,
385 855 579 929 conveniens
599 856 725 950 ingenti
742 874 845 955 nupta
861 858 998 947 marito,

192 968 315 1069 Accipe
333 996 400 1040 non
419 967 501 1043 dura
518 969 675 1071 supplicis
690 1000 767 1044 anre
783 1000 904 1071 preces.

143 1083 203 1157 sic
224 1082 284 1153 tibi
300 1082 350 1153 vir
367 1109 499 1182 sospes,
517 1085 564 1156 sic
581 1087 648 1158 sint
663 1116 736 1160 eum
755 1086 847 1187 prole
864 1107 1020 1188 nepotes,
1171 1110 1205 1184 43

197 1199 349 1296 Cumque
365 1197 463 1268 bonis
481 1198 638 1285 nuribus,
659 1228 740 1301 quas
756 1229 931 1301 peperere,
947 1232 1072 1280 nurus:

141 1312 221 1397 Sic,
241 1339 337 1412 quem
355 1310 424 1384 dira
442 1312 504 1382 tibi
523 1314 633 1411 rapuit
651 1315 841 1403 Germania,
859 1317 989 1392 Drusus

196 1429 279 1502 Pars
296 1428 395 1500 luerit
409 1445 524 1527 partus
541 1426 611 1500 sola
628 1430 748 1503 caduca
766 1432 835 1503 tui:

141 1545 202 1619 Sic
222 1543 282 1615 tibi
301 1544 407 1615 Marte
420 1571 500 1628 suo,
518 1545 652 1615 fraterni
672 1542 794 1618 limeris
811 1544 919 1635 ultor,

196 1660 387 1758 Purpureus
405 1659 507 1732 niveis
523 1658 611 1731 lilius
629 1659 728 1731 instet
745 1661 849 1759 equis.

118 1865 120 1869 ¹
144 1775 296 1849 Adnuite
314 1803 334 1844 o
352 1774 492 1859 timidis,
509 1775 680 1849 mitissima
699 1776 853 1862 numina,
872 1776 974 1852 votis!

201 1893 383 1963 Praesentes
400 1887 523 1988 aliquid
539 1890 646 1989 prosit
661 1889 782 1964 habere
798 1892 906 1966 Deos!

146 2004 293 2081 Cesaris
310 2001 450 2074 adventu
468 2018 536 2075 tuta
552 2004 712 2098 gladiator
728 2034 824 2078 arena

202 2121 299 2203 Exin
319 2135 352 2190 et
366 2115 523 2190 auxilium
540 2146 607 2191 non
626 2121 694 2193 leve
706 2118 817 2192 vultus
833 2119 943 2192 habet.

148 2240 224 2314 Nos
242 2265 375 2339 quoque
391 2251 500 2308 restra
515 2234 605 2333 juret
616 2239 724 2338 quod,
744 2265 808 2337 qua
824 2235 914 2325 licet,
931 2263 987 2309 ora
1000 2235 1164 2328 ridemua'3
1178 2260 1211 2314 55

185 2400 556 2468 dodrrtetrr‘nurpdalesequos.
567 2399 660 2451 Tn’unr·
740 2400 780 2464 53.
803 2403 910 2455 cesant
927 2402 1045 2455 adrentu-
1061 2398 1163 2456 Caesare
1185 2403 1212 2458 in

143 2483 260 2547 plantes
277 2476 354 2537 estin
373 2477 564 2530 vetustioribus.
589 2478 660 2529 Ante
708 2478 1037 2545 arenamveniente3uam
1050 2479 1213 2550 gladiatores,

150 2577 237 2629 equos
255 2556 369 2624 Tiberii,
389 2555 421 2610 de
441 2557 585 2611 Germania
608 2555 661 2609 de·
709 2557 753 2626 qui
762 2558 829 2611 servi
839 2568 914 2611 erant
924 2597 931 2623 ,
941 2556 1018 2625 vieti,
1029 2559 1215 2627 confugiebant

154 2639 222 2692 victa
239 2637 401 2707 triumphum
414 2639 521 2707 agentis.
710 2634 742 2687 ad
751 2634 833 2704 pedes
842 2635 952 2689 Caesaria
961 2675 969 2702 ,
979 2648 1005 2690 et
1014 2636 1156 2690 incolumes
1170 2636 1216 2690 di-

186 2720 227 2784 4²·
251 2719 359 2777 rorant,
375 2725 402 2768 et
415 2721 502 2783 possis
513 2719 590 2782 filine
604 2735 662 2770 esse
709 2713 888 2769 mittebantur.
903 2712 1165 2784 Etsieonsugientea
1182 2715 1216 2767 ad

126 2799 129 2804 ’
153 2797 206 2850 lr'n.
224 2797 313 2849 Virum
322 2803 347 2845 et
356 2803 385 2846 nt
397 2793 534 2847 Barberin.
553 2795 663 2848 Wrater
708 2799 836 2857 rtatuam,
848 2793 922 2844 liberi
935 2802 1025 2859 erant,
1038 2791 1122 2843 multo
1134 2791 1215 2861 magis

148 2876 215 2927 duic
230 2876 315 2936 possis
330 2888 399 2922 unus
414 2869 498 2924 Vatic.
525 2871 618 2922 Virmn
636 2880 666 2923 nt
710 2868 892 2935 toniugientes
912 2866 944 2920 nd
969 2869 1053 2936 iprum
1072 2870 1217 2936 imperato-

145 2953 241 3016 possr‘s
252 2967 320 2999 unus
333 2945 440 2999 llledon.
457 2948 527 2999 Puto
540 2947 663 3000 seriben-
711 2946 915 3004 rem-Vultus,
927 2944 952 2995 id
966 2956 1018 3010 eat,
1030 2944 1137 2998 Cresaris
1150 2963 1218 3012 prar-

152 3027 241 3088 dnm,
256 3024 371 3088 «Vivat,
383 3023 664 3094 etopoeaiafiliueeaae
711 3021 795 3075 sentia
816 3018 894 3072 habet
916 3039 970 3072 non
993 3022 1149 3086 modicum,
1171 3022 1218 3074 sed

153 3105 212 3159 diu.
228 3126 241 3150 a
253 3103 354 3154 Herus.
713 3118 839 3169 magnum
850 3099 985 3165 auxilium,
999 3101 1060 3167 quia
1070 3100 1111 3152 ille
1122 3100 1218 3153 libera-

192 3182 233 3248 46.
256 3182 362 3247 Cumque
380 3182 451 3231 tonis
465 3182 583 3240 ruribus.
601 3199 666 3248 qur
713 3188 765 3229 tur.
782 3203 815 3214 -
834 3178 901 3228 Tuta
910 3179 1039 3243 gladr'ator
1057 3197 1151 3237 arena,
1171 3196 1219 3247 pro

149 3277 282 3327 peperere,
298 3276 380 3308 rurus.
400 3259 468 3321 Quos
479 3275 592 3324 peperere
604 3256 665 3325 ple·
713 3259 768 3321 r'pse
775 3257 905 3321 gladiator
912 3263 992 3315 tutus,
1005 3264 1068 3306 nota
1074 3255 1157 3322 poetis
1164 3274 1220 3310 rue·

156 3337 235 3405 rique
247 3343 347 3385 veteres
360 3344 484 3402 :nepotes
497 3332 592 3385 innuit.
604 3332 667 3386 Sar·
714 3330 815 3385 ratheri.
831 3333 896 3383 Tota
909 3329 1025 3398 plerique
1041 3342 1169 3384 veterum.
1182 3333 1219 3388 II.

158 3411 281 3464 ravianus
291 3419 317 3462 et
326 3419 385 3462 oeto
401 3409 443 3461 alii
456 3412 526 3476 quod
532 3428 579 3477 pro
590 3419 663 3476 quot,
715 3438 748 3451 -
767 3413 845 3464 Tutus
859 3413 986 3476 eludatur
1004 3408 1143 3463 duodecim
1161 3412 1222 3467 libri

160 3500 191 3543 ut
202 3488 372 3543 Combianus.
382 3515 415 3527 —
426 3487 513 3540 Nostri
524 3507 595 3556 quas.
716 3497 743 3541 et
753 3488 843 3541 multe
853 3488 995 3554 editiones,
1008 3486 1079 3557 quod
1086 3489 1221 3544 Burman-

194 3569 234 3618 50.
245 3567 465 3635 Purpureusfilr'us.
472 3565 608 3631 Tiberius,
622 3562 666 3616 Li-
717 3585 753 3619 no
764 3566 887 3633 placebat.
898 3595 931 3608 -
941 3566 1029 3620 Nostri
1041 3574 1104 3619 tata.

163 3641 212 3691 vie
224 3643 309 3709 lilim,
327 3643 513 3713 paludamento
529 3643 669 3712 imperato-
750 3648 789 3698 55.
801 3647 856 3697 Nos
866 3664 959 3712 quoque
970 3655 1053 3698 restra
1055 3645 1136 3712 juret.
1145 3645 1222 3699 Ordo

163 3716 205 3769 rio
219 3726 245 3768 et
257 3738 387 3787 purpureo
401 3719 516 3773 indutus·
718 3722 838 3777 eattNoa
849 3739 952 3790 quoque
964 3723 1055 3790 juvet,
1071 3723 1142 3792 quod
1154 3723 1222 3777 ride·

200 3799 240 3849 52.
252 3799 670 3870 Prosensesalr'qur'dprosr'thabere
717 3817 777 3853 mua
794 3809 879 3853 restra
890 3817 955 3865 ora,
975 3818 1029 3869 quo
1045 3800 1126 3853 modo
1144 3799 1221 3858 licet,

165 3875 244 3926 Deos.
255 3871 361 3939 Aliquos
373 3895 441 3929 unm
453 3876 572 3929 Vatican.
589 3874 671 3928 acribo
718 3873 832 3944 imagine
848 3884 951 3928 tantum
971 3894 1107 3945 expreaaa;
1126 3882 1153 3924 et
1174 3870 1222 3920 hoc

166 3957 252 4020 aliqua
259 3956 349 4015 prosr't.
365 3951 440 4002 Il.—
453 3954 521 4006 Deos
531 3964 672 4020 presentes.
719 3964 834 4022 spectare
846 3953 921 4007 nobie
936 3954 1034 4023 prosit,
1050 3945 1224 4021 quemdum·

169 4029 295 4098 Augusti,
310 4028 409 4082 Tiberii
421 4038 449 4082 et
460 4028 539 4083 Liria
548 4030 674 4100 imagines
720 4032 785 4085 dum
807 4031 941 4100 gladiatori
961 4031 1061 4102 profuit
1084 4025 1174 4078 vidisse
1196 4023 1224 4074 in

170 4108 256 4172 missas
271 4107 366 4173 Boma-
721 4127 800 4162 arena
813 4108 945 4166 Coeemern
957 4108 1042 4173 ipsum
1053 4109 1217 4171 emmim·

262 4210 353 4282 VII.
1026 4203 1068 4269 23
