2722 4702
204 319 250 388 so
440 316 507 380 r.
546 295 726 379 orrum
755 309 980 382 nasonis
1092 306 1096 317 ·

252 456 378 529 Ennius
393 450 524 547 ingenio
543 448 718 538 maximus,
736 467 804 523 arte
819 450 932 538 rudis3

204 568 354 671 Explicat
369 586 405 641 ut
424 594 537 640 causas
552 565 657 667 rapidi
671 564 842 639 Lucretius
857 565 961 661 ignis,

254 686 478 785 Casurumque
493 683 609 785 triplex
624 683 817 757 vaticinatur
835 711 938 786 opus;

206 803 259 878 Sic
278 832 336 877 sua
353 802 473 877 lascivo
490 819 617 877 cantata
635 818 684 876 est
702 827 786 901 saepe
803 798 934 874 Catullo

249 922 403 1010 Femina,
422 920 473 994 cni
488 918 611 994 salsum
624 918 743 992 Lesbia
757 944 875 991 nomen
888 934 975 992 erat:

206 1037 275 1110 Nec
289 1046 463 1108 contentus
481 1062 535 1122 ea,
553 1031 675 1107 multos
694 1031 838 1129 vulgavit
854 1059 1000 1120 amores,

252 1154 292 1225 ln
310 1150 431 1253 quibus
448 1149 519 1250 ipsc
535 1177 632 1224 suum
648 1148 755 1224 suasus
771 1147 966 1224 adulterium
981 1164 1040 1222 est.
1209 1169 1262 1238 430

205 1267 270 1344 Par
285 1268 349 1341 suit
368 1266 475 1361 exigui
494 1265 674 1365 similisque
690 1263 820 1339 licentia
839 1263 949 1352 Calvi,

253 1380 388 1455 Detexit
404 1378 502 1452 variis
519 1378 577 1477 qui
594 1404 652 1451 sua
669 1377 757 1450 furta
773 1378 890 1451 modis.

208 1494 302 1592 Quid
315 1494 449 1566 reseram
466 1491 604 1576 Ticidae,
624 1490 702 1590 quid
721 1493 859 1565 Memmi
875 1519 1023 1579 carmen,
1040 1489 1130 1592 apud
1147 1518 1232 1591 quos

257 1608 371 1682 Rebus
385 1606 480 1678 abest
496 1606 603 1678 omnis
622 1606 879 1704 nominibusque
897 1605 1032 1704 pudor?
1070 1663 1072 1666 ψ

112 1756 116 1763 ·
209 1723 312 1798 Cinna
331 1749 464 1823 quoque
480 1720 534 1794 his
553 1748 662 1795 comes
680 1739 748 1810 est,
766 1721 936 1822 Cinnaque
953 1721 1122 1822 procacior
1135 1723 1260 1807 Anser,

138 1872 144 1881 ⁵
207 1886 330 1942 Proelium
340 1897 367 1941 et
375 1885 588 1952 Annales,versu
596 1885 708 1939 heroico.
757 1885 1262 1947 habuitwiolentusaocnsatorluit.Car·

186 2008 192 2017 .
229 1962 707 2031 4]4.Εππὶωίημιίοκατήκουεν
756 1964 828 2018 mina
841 1982 944 2033 quoque
955 1965 1028 2034 ejus,
1047 1965 1165 2034 quamvis
1176 1968 1262 2035 jocosa

207 2042 279 2099 niam
293 2053 367 2110 poeta
377 2042 418 2095 ille
429 2052 534 2096 ususcst
541 2041 691 2095 inventione
701 2081 708 2107 ,
757 2044 871 2109 luerint,
886 2044 962 2112 plena
971 2055 1058 2098 tamen
1067 2046 1139 2097 tuere
1149 2044 1262 2111 ingentis

205 2118 488 2188 etsententiisegregiis
495 2157 502 2186 ,
510 2116 555 2173 secl
563 2120 646 2172 verbra
655 2137 709 2171 non
757 2122 847 2176 animi.
854 2123 922 2176 Eum
932 2124 1052 2191 exiguum
1063 2121 1171 2190 appellat
1181 2120 1262 2174 Ovid.

207 2197 319 2251 muitum
332 2197 436 2251 ornatis.
757 2212 893 2270 propterea
907 2199 975 2268 quod
989 2199 1039 2251 fuit
1053 2215 1137 2267 parrae
1147 2207 1261 2252 stature.

239 2279 556 2345 iawaeplr'catutceum
563 2278 651 2343 raptati.
659 2275 711 2328 llic
791 2282 915 2347 431&ae
929 2277 1013 2345 sacta.
1032 2280 1110 2330 bleda
1129 2294 1159 2329 er
1178 2276 1261 2330 tribus

207 2354 278 2408 locus
288 2352 407 2409 bilariam
421 2355 498 2425 accipi
509 2354 611 2407 videtur
624 2370 711 2422 posse:
757 2357 928 2425 ,criptisptitp
941 2357 968 2410 Π
980 2353 1062 2419 Artis,
1078 2353 1125 2419 428
1134 2373 1140 2406 ς
1150 2376 1163 2399 «ι
1173 2353 1261 2409 Flecte

207 2431 248 2483 vel
264 2441 292 2483 ut
303 2428 452 2498 slmpflciter
462 2432 550 2499 ignem
558 2427 710 2496 accipiamus
758 2434 851 2502 igitur,
861 2433 964 2486 monitu
975 2431 1065 2501 detege
1075 2430 1145 2484 furta
1151 2450 1221 2484 meo,
1231 2454 1244 2477 ιι

207 2506 387 2571 materialem,
406 2517 432 2560 et
447 2523 499 2571 quo
518 2504 632 2571 quotidie
653 2502 711 2555 uti·
790 2509 845 2573 4³3.
860 2511 930 2573 (trid
940 2507 1043 2574 reseram
1058 2509 1157 2560 Prema.
1170 2507 1261 2566 Ticida

208 2604 280 2647 mor;
294 2584 333 2636 ecl
347 2596 375 2637 ut
385 2582 542 2647 adirrlmen,
554 2583 643 2647 eteius
650 2601 711 2636 cau·
757 2596 833 2656 poeta
839 2585 1036 2655 scripsitelegias
1043 2587 1076 2640 cle
1082 2586 1260 2655 Perillaquam
1329 2600 1332 2605 '

206 2686 245 2720 sus
261 2665 406 2716 referamus
422 2698 432 2726 ,
450 2671 557 2730 propter
576 2660 710 2728 epitheton
758 2662 1214 2729 amavit.-Que'dl!emmlcarmeu?
1229 2666 1260 2720 C.

208 2745 295 2809 rapidi.
320 2738 407 2793 Aede
423 2734 541 2789 sutmtut·
560 2738 659 2803 causis,
684 2748 711 2791 et
758 2745 878 2797 Memmii
896 2755 978 2811 poetae
995 2744 1091 2812 pariter
1110 2754 1136 2796 et
1152 2746 1261 2798 oratoris

208 2819 278 2873 uude
297 2818 367 2872 idem
385 2823 544 2885 generetur,
563 2813 629 2866 libro
639 2826 710 2867 sexto
757 2822 877 2875 meminit
901 2820 1000 2875 Plinius
1016 2822 1045 2874 iu
1068 2821 1210 2890 Epistolis,
1234 2832 1264 2877 et

209 2893 413 2963 Lueretiusagit.
425 2893 528 2946 Mtcrr..
757 2894 1128 2967 Tranquillusscribensillum
1138 2896 1261 2964 objecisse

240 2974 296 3042 425.
308 2970 582 3039 causammqum'pteae
588 2973 712 3023 anticlau—
758 2970 790 3028 C.
803 2973 916 3038 Caesari,
935 2972 1003 3042 quoti
1022 2975 1133 3029 stetisset
1144 2972 1175 3026 ad
1192 2993 1259 3044 cya-

208 3065 248 3108 tur
264 3070 333 3119 opus.
356 3053 524 3116 casurumque
547 3056 616 3101 recte
642 3064 710 3099 unus
757 3048 973 3105 tlrumetviunm
982 3051 1120 3105 Nicomedi
1133 3051 1194 3123 regi.
1207 3051 1262 3104 Jul.

207 3122 711 3195 Bononiensisnequeatiterssersman-
759 3126 824 3181 Cn.
837 3131 875 3201 49,

207 3226 264 3259 nus.
273 3207 421 3259 Utcarmen
431 3205 480 3258 hoe
491 3201 656 3272 intelligatur,
665 3199 710 3254 Se·
790 3207 845 3272 434.
859 3209 944 3260 Rebus
961 3211 1037 3262 ades!
1048 3226 1136 3261 ,om
1152 3212 1260 3260 nomm·-

207 3299 299 3334 mecam
304 3281 362 3333 vide
372 3282 399 3333 in
409 3279 523 3351 Epistola
533 3289 662 3348 postrema
670 3296 711 3330 oc·
756 3285 941 3350 iesqaepudor.
949 3284 1029 3337 Nihili
1038 3284 1170 3344 lrseesunt3
1180 3300 1259 3351 quare

208 3357 259 3410 tavi
283 3356 339 3410 libri
362 3357 497 3426 Epistolar.
518 3355 550 3410 ad
574 3356 709 3412 Lucilium.
757 3359 1259 3426 admutiorBernardoRottendorplrio,

207 3435 330 3504 Disputat
342 3446 430 3488 autem
444 3452 476 3486 eo
489 3432 546 3485 loco
559 3433 709 3501 Lucretius,
758 3438 801 3506 qui
816 3435 937 3491 emendat
947 3456 953 3490 :
964 3459 978 3483 κ
992 3438 1081 3491 Rebus
1093 3438 1163 3489 abest
1174 3436 1261 3489 omnis

209 3511 339 3565 muudum
355 3530 409 3565 esse
422 3510 608 3574 interiturum,
621 3522 710 3564 contra
756 3514 958 3581 nominibusque
978 3512 1070 3582 pudor.
1085 3533 1099 3558 υ
1114 3510 1183 3565 Nihil
1196 3530 1262 3564 eer-

206 3607 266 3655 eos,
285 3590 328 3658 qui
347 3600 476 3642 aeternum
492 3586 551 3639 tore
566 3596 711 3640 senserunt.
757 3592 806 3646 sius
819 3611 848 3646 ea
860 3592 1016 3660 conjectura.
1030 3590 1066 3643 ll.

208 3667 268 3719 Hoc
275 3664 385 3718 Ovidius
393 3661 526 3718 vaticinari
533 3671 620 3727 vocat,
631 3662 710 3716 veluti
790 3670 845 3736 435.
865 3672 946 3722 cim
962 3684 1053 3736 qnoque
1068 3670 1108 3719 his
1119 3683 1201 3719 comes
1215 3678 1262 3721 est,

204 3742 401 3811 praedictionem
412 3738 710 3811 quamdameius,quo‹l
758 3744 794 3813 Q.
812 3744 922 3797 Helvius
935 3744 1022 3797 Cinna
1038 3754 1114 3812 poeta
1131 3742 1199 3807 init,
1216 3745 1261 3812 qui
1290 3746 1295 3755 “

205 3822 326 3876 futurum
338 3832 420 3887 esset,
435 3820 529 3874 lacere.
541 3819 645 3872 Mrcrr„
755 3821 855 3891 scripsit
864 3820 1021 3893 Smyrnam,
1031 3839 1109 3890 quam
1118 3821 1208 3875 decem
1218 3840 1261 3874 un·

238 3901 294 3968 tir.
306 3898 514 3965 Parsur'texr‘ffla'
523 3898 601 3950 calae:
615 3894 712 3951 Calvus
755 3898 796 3951 nis
803 3896 931 3965 elimavit,
940 3898 1079 3953 mser-sins
1086 3899 1260 3953 docet-Cair-

208 3989 305 4042 orator,
315 3976 360 4030 sliu
371 3992 431 4029 cum
440 3973 569 4029 Cicerone
576 3973 709 4042 iniquissi-
756 3991 833 4040 napae
840 3979 973 4038 procacior
982 3978 1071 4029 Anser.
1087 3977 1171 4029 Anser
1183 3981 1260 4041 poeta

207 4050 710 4122 mulcenteprincipetuetoquemin
755 4049 1259 4122 iuitAutonii,quieimlaudesscripsit
