2722 4702
216 329 284 394 EX
307 327 488 393 PONTO
511 327 610 393 LIB.
636 327 716 394 ΙΙΙ.
741 324 908 393 EPIST.
935 325 1003 393 IV.
1068 325 1132 416 395

401 658 708 745 EPISTOLA
739 657 813 741 IV.
903 736 906 741 ,

533 825 684 846 W

388 976 391 987 ⁵
489 1033 725 1105 austro.

535 1206 679 1225 w

430 1396 786 1461 ARGUMENTUM.

75 1555 198 1610 (iarmru
210 1575 288 1610 suum
306 1555 339 1609 ‹le
356 1555 493 1624 triumpho
509 1554 610 1607 ‘liberii
629 1552 733 1626 Illyrico
750 1551 918 1606 commendat
937 1553 1038 1607 Rufino
1054 1573 1060 1608 :
1074 1554 1144 1624 quotl

114 1637 219 1707 quidem
245 1639 366 1707 exiguum
386 1657 441 1690 esse
461 1635 574 1697 satarum
592 1635 637 1687 sed
659 1634 785 1687 tenuitate
806 1633 905 1703 ingenii
926 1634 984 1701 sui,
1008 1634 1144 1701 absentia,

114 1722 193 1776 exsilii
205 1721 410 1789 calamitatibus,
435 1721 533 1792 Elegia
547 1721 625 1790 ipsius
639 1719 727 1773 indole
738 1718 914 1773 excusandum
926 1739 981 1774 esse
999 1719 1082 1775 docet.
1101 1721 1145 1775 Aa

114 1806 239 1859 ultimum
250 1843 258 1868 ,
273 1804 384 1857 alterum
394 1823 496 1873 quoque
510 1802 675 1872 triumphum
685 1802 719 1856 de
734 1802 874 1858 Germanis
885 1804 1020 1859 ominatur
1030 1805 1145 1861 Tiberio.

77 1954 202 2055 Haec
217 1979 279 2052 tibi
293 2009 363 2053 uon
378 2011 491 2058 vanam
506 1985 673 2085 portantia
689 1984 787 2056 verba
805 1984 965 2067 salutem,

134 2099 224 2169 Naso
242 2095 416 2169 Tomitana
432 2099 533 2171 mittit
548 2100 591 2172 ab
610 2097 691 2171 urbe
710 2113 803 2182 tuus3

78 2212 197 2310 thue
214 2237 275 2283 suo
292 2209 401 2283 faveas
416 2210 562 2298 mandat,
580 2209 718 2294 Rufino,
738 2207 924 2310 triumpbo;

133 2331 173 2400 ln
190 2345 313 2401 vestras
331 2324 421 2398 venit
436 2326 464 2399 si
483 2344 588 2401 tamen
606 2327 660 2402 ille
677 2356 803 2402 manus.

77 2444 147 2516 Est
164 2470 246 2540 opus
261 2443 435 2536 exiguum,
456 2441 620 2544 vastisque
638 2446 810 2546 paratibus
826 2444 951 2544 impar,
1101 2438 1104 2443 ’
1132 2459 1148 2512 :3

138 2558 241 2654 Quale
259 2579 368 2634 tamen
387 2589 530 2664 cumque
547 2579 616 2649 est,
634 2581 673 2637 ut
687 2580 796 2638 tueare
812 2592 905 2659 rogo.

87 2677 193 2751 Firma
209 2677 317 2755 valent
331 2706 462 2780 perse,
479 2678 677 2781 nullumque
693 2680 880 2755 Machaona
897 2695 1069 2780 quarunt:

133 2797 188 2869 ad
205 2797 362 2869 medicam
380 2792 505 2868 dubius
523 2796 675 2894 confugit
691 2827 775 2894 aeger
791 2827 899 2900 opem.

126 3003 146 3033 ι.
159 2983 216 3033 Non
229 2999 319 3031 vanam
329 2982 444 3032 salutem.
456 2978 496 3031 Ex
506 2979 596 3034 animo
642 2984 786 3049 videntur,
807 3003 890 3052 quum
911 2984 964 3049 jam
983 2991 1105 3050 quartum
1120 2982 1147 3035 in

90 3058 136 3112 tibi
149 3067 270 3127 opatam;
288 3058 348 3125 quia
360 3075 453 3126 precor
463 3069 493 3110 ut
501 3059 535 3112 sis
546 3058 597 3112 sal-
644 3061 732 3114 Ponto
744 3079 844 3114 annum
857 3061 976 3128 degisset.
991 3061 1093 3112 Mrcra.

90 3158 155 3202 vus,
171 3148 199 3189 ut
212 3156 246 3190 es.
677 3143 700 3191 5.
713 3142 855 3206 Vestrisqne
858 3143 992 3203 paratibus
999 3143 1087 3204 imper.
1097 3141 1149 3190 Va-

123 3217 147 3268 3.
159 3217 298 3280 Triumpho.
304 3213 344 3266 De
350 3213 454 3286 Illyrico
461 3213 596 3284 triumpho
643 3222 736 3285 ste'sque
752 3215 932 3276 Combianus;
954 3226 983 3267 ut
998 3215 1084 3282 intra,
1101 3217 1149 3270 85:

90 3304 118 3348 et
131 3293 187 3345 huc
200 3302 226 3343 et
237 3291 370 3359 superiora
383 3290 425 3344 illa
438 3291 596 3362 accipienda.
645 3316 657 3340 s
666 3294 747 3346 Ferre
755 3294 834 3346 etiam
843 3290 934 3344 molles
942 3290 1008 3359 elegi
1017 3303 1070 3344 tarn
1079 3303 1147 3346 vasta

89 3372 228 3437 Nusquam
247 3368 319 3421 enim
338 3368 398 3421 alibi
419 3369 541 3437 reperio,
562 3368 596 3422 ‹ls
643 3373 769 3442 triumphi
790 3370 912 3425 Pondera
931 3370 1074 3439 disparibus
1092 3392 1146 3428 uon

89 3445 230 3502 Germanis
249 3445 421 3516 triumphasse
439 3446 596 3500 Tiberium:
644 3462 753 3520 potuere
768 3449 840 3502 rotis.
852 3471 865 3494 n
879 3448 980 3502 Herus,

90 3528 133 3581 sed
144 3526 252 3581 devictis
265 3525 372 3597 Illyriis,
389 3525 549 3593 decretoque
559 3522 596 3577 itti
678 3550 700 3597 7.
709 3530 794 3581 Firma
803 3529 941 3593 valeatper
949 3546 978 3580 se
988 3537 1037 3581 ete.
1050 3528 1146 3584 Sensus

91 3628 147 3660 earn
160 3610 194 3662 ob
208 3629 265 3663 rem
277 3606 429 3676 triumpho,
441 3608 469 3660 iu
483 3625 597 3676 praeseus
643 3617 697 3658 est:
707 3605 826 3676 Corpora
838 3605 915 3658 firma
927 3625 956 3657 ae
967 3604 1049 3660 valida
1059 3628 1105 3679 per
1118 3629 1145 3663 se

93 3684 197 3749 quidem
216 3699 274 3740 tum
294 3686 329 3738 ob
343 3695 464 3739 mosum
481 3683 597 3736 Variana
644 3683 902 3751 consistunt‚ueque
915 3682 1145 3753 opusmedicoba·

92 3759 164 3813 clade
173 3762 317 3831 civitatem,
333 3775 475 3828 ovantem,
490 3761 536 3816 sed
544 3761 598 3814 lau·
643 3759 722 3824 beut,
737 3760 781 3827 qui
792 3777 822 3811 ea
832 3772 968 3815 conservet
981 3780 987 3815 :
998 3762 1035 3816 sic
1046 3774 1072 3816 et
1082 3756 1145 3813 boni

91 3847 196 3890 reatum
208 3848 312 3906 tamen,
326 3842 418 3895 urbem
429 3859 484 3893 esse
496 3839 597 3907 ingres·
644 3856 673 3889 ac
685 3845 834 3904 prestantes
846 3848 941 3906 poete,
958 3859 1013 3893 non
1027 3838 1146 3899 indigent

91 3933 151 3967 sum
172 3933 178 3966 :
198 3913 365 3984 triumpharit
383 3918 456 3970 euim
475 3915 596 3969 Tiberius
643 3913 1146 3988 favoretectoris,qusnd0ipsorumm-

92 4013 163 4061 prox.
179 4012 251 4045 anuo
267 4003 327 4046 ante
344 4006 458 4048 mortem
469 3993 596 4061 Augusti,
644 3992 717 4046 mina
730 4012 815 4063 perse
827 3993 1044 4051 commendabilia
1054 3994 1122 4037 sunt.

94 4091 144 4140 quo
156 4083 276 4143 tempore
289 4082 315 4126 et
327 4069 382 4127 baec
392 4091 407 4124 a
418 4081 495 4141 poeta
504 4069 599 4139 scripta
675 4073 698 4124 8.
709 4073 816 4128 Datus.
824 4078 952 4128 Dubitans
963 4087 1001 4134 pr.
1013 4061 1074 4116 edit.
