<?xml version="1.0" encoding="UTF-8"?>
<!DOCTYPE html PUBLIC "-//W3C//DTD XHTML 1.0 Transitional//EN"
    "http://www.w3.org/TR/xhtml1/DTD/xhtml1-transitional.dtd">
<html xmlns="http://www.w3.org/1999/xhtml" xml:lang="en" lang="en">
 <head>
  <title>
</title>
<meta http-equiv="Content-Type" content="text/html;charset=utf-8" />
  <meta name='ocr-system' content='tesseract 3.04.00' />
  <meta name='ocr-capabilities' content='ocr_page ocr_carea ocr_par ocr_line ocrx_word'/>
</head>
<body>
  <div class='ocr_page' id='page_1' title='image "./publiiovidiinas04massgoog/publiiovidiinas04massgoog_0443.png"; bbox 0 0 2722 4702; ppageno 0'>
   <div class='ocr_carea' id='block_1_1' title="bbox 202 399 1116 490">
    <p class='ocr_par' dir='ltr' id='par_1_1' title="bbox 202 399 1116 490">
     <span class='ocr_line' id='line_1_1' title="bbox 202 399 1116 490; baseline 0.013 -27"><span class='ocrx_word' id='word_1_1' title='bbox 202 399 271 465; x_wconf 88' lang='lat' dir='ltr'><strong>EX</strong></span> <span class='ocrx_word' id='word_1_2' title='bbox 294 399 473 466; x_wconf 84' lang='grc' dir='ltr'><strong>ΡΟΝΤΟ</strong></span> <span class='ocrx_word' id='word_1_3' title='bbox 496 400 595 466; x_wconf 91' lang='lat' dir='ltr'><strong>LIB.</strong></span> <span class='ocrx_word' id='word_1_4' title='bbox 621 401 688 468; x_wconf 86' lang='lat' dir='ltr'><strong>lv.</strong></span> <span class='ocrx_word' id='word_1_5' title='bbox 708 400 878 470; x_wconf 81' lang='lat' dir='ltr'><strong>EPIST.</strong></span> <span class='ocrx_word' id='word_1_6' title='bbox 904 405 973 472; x_wconf 89' lang='lat' dir='ltr'>v·1.</span> <span class='ocrx_word' id='word_1_7' title='bbox 1051 405 1116 490; x_wconf 68' lang='lat'><strong>435</strong></span> 
     </span>
    </p>
   </div>
   <div class='ocr_carea' id='block_1_2' title="bbox 10 537 1123 1798">
    <p class='ocr_par' dir='ltr' id='par_1_2' title="bbox 10 537 1123 1798">
     <span class='ocr_line' id='line_1_2' title="bbox 106 537 771 627; baseline 0.003 -15"><span class='ocrx_word' id='word_1_8' title='bbox 106 540 175 612; x_wconf 85' lang='lat' dir='ltr'><strong>Nec</strong></span> <span class='ocrx_word' id='word_1_9' title='bbox 192 537 316 617; x_wconf 80' lang='lat' dir='ltr'><strong>fueram</strong></span> <span class='ocrx_word' id='word_1_10' title='bbox 334 539 435 627; x_wconf 83' lang='lat' dir='ltr'><strong>tanti,</strong></span> <span class='ocrx_word' id='word_1_11' title='bbox 453 566 506 613; x_wconf 88' lang='lat' dir='ltr'><strong>me</strong></span> <span class='ocrx_word' id='word_1_12' title='bbox 520 567 596 613; x_wconf 88' lang='lat' dir='ltr'><strong>reor</strong></span> <span class='ocrx_word' id='word_1_13' title='bbox 609 568 680 614; x_wconf 86' lang='lat' dir='ltr'><strong>esse</strong></span> <span class='ocrx_word' id='word_1_14' title='bbox 698 558 771 614; x_wconf 81' lang='lat' dir='ltr'><strong>tuae.</strong></span> 
     </span>
     <span class='ocr_line' id='line_1_3' title="bbox 56 656 932 758; baseline 0.001 -26"><span class='ocrx_word' id='word_1_15' title='bbox 56 661 131 733; x_wconf 89' lang='lat' dir='ltr'><strong>Jam</strong></span> <span class='ocrx_word' id='word_1_16' title='bbox 152 657 252 732; x_wconf 90' lang='lat' dir='ltr'><strong>timeo</strong></span> <span class='ocrx_word' id='word_1_17' title='bbox 267 674 413 732; x_wconf 79' lang='lat' dir='ltr'><strong>nostram</strong></span> <span class='ocrx_word' id='word_1_18' title='bbox 431 658 584 758; x_wconf 86' lang='lat' dir='ltr'>cuiquam</span> <span class='ocrx_word' id='word_1_19' title='bbox 604 658 757 731; x_wconf 85' lang='lat' dir='ltr'><strong>mandare</strong></span> <span class='ocrx_word' id='word_1_20' title='bbox 771 656 932 735; x_wconf 87' lang='lat' dir='ltr'><strong>salutem:</strong></span> 
     </span>
     <span class='ocr_line' id='line_1_4' title="bbox 107 772 761 875; baseline -0.003 -29"><span class='ocrx_word' id='word_1_21' title='bbox 107 777 222 875; x_wconf 89' lang='lat' dir='ltr'><strong>lpsum</strong></span> <span class='ocrx_word' id='word_1_22' title='bbox 239 790 344 846; x_wconf 88' lang='lat' dir='ltr'><strong>morte</strong></span> <span class='ocrx_word' id='word_1_23' title='bbox 361 790 417 846; x_wconf 88' lang='lat' dir='ltr'><strong>tua</strong></span> <span class='ocrx_word' id='word_1_24' title='bbox 432 773 577 846; x_wconf 72' lang='lat' dir='ltr'>concidit</span> <span class='ocrx_word' id='word_1_25' title='bbox 593 772 761 846; x_wconf 76' lang='lat' dir='ltr'><strong>auxilium.</strong></span> 
     </span>
     <span class='ocr_line' id='line_1_5' title="bbox 60 888 1120 991; baseline 0.004 -27"><span class='ocrx_word' id='word_1_26' title='bbox 60 890 213 990; x_wconf 70' lang='lat' dir='ltr'><strong>Coeperat</strong></span> <span class='ocrx_word' id='word_1_27' title='bbox 232 890 402 984; x_wconf 81' lang='lat' dir='ltr'><strong>Augustus</strong></span> <span class='ocrx_word' id='word_1_28' title='bbox 420 888 562 990; x_wconf 77' lang='lat' dir='ltr'><strong>decepte</strong></span> <span class='ocrx_word' id='word_1_29' title='bbox 578 890 745 984; x_wconf 77' lang='lat' dir='ltr'>ignoscere</span> <span class='ocrx_word' id='word_1_30' title='bbox 762 889 885 991; x_wconf 80' lang='lat' dir='ltr'><strong>cnipae;</strong></span> <span class='ocrx_word' id='word_1_31' title='bbox 1090 917 1120 968; x_wconf 75' lang='lat' dir='ltr'><strong>rt</strong></span> 
     </span>
     <span class='ocr_line' id='line_1_6' title="bbox 107 1002 840 1104; baseline 0 -29"><span class='ocrx_word' id='word_1_32' title='bbox 107 1004 206 1103; x_wconf 85' lang='lat' dir='ltr'><strong>Spem</strong></span> <span class='ocrx_word' id='word_1_33' title='bbox 225 1019 370 1076; x_wconf 85' lang='lat' dir='ltr'><strong>nostram</strong></span> <span class='ocrx_word' id='word_1_34' title='bbox 391 1019 492 1077; x_wconf 83' lang='lat' dir='ltr'><strong>terras</strong></span> <span class='ocrx_word' id='word_1_35' title='bbox 508 1002 717 1104; x_wconf 79' lang='lat' dir='ltr'>deseruitque</span> <span class='ocrx_word' id='word_1_36' title='bbox 732 1002 840 1077; x_wconf 87' lang='lat' dir='ltr'><strong>simul.</strong></span> 
     </span>
     <span class='ocr_line' id='line_1_7' title="bbox 10 1119 912 1234; baseline -0.003 -40"><span class='ocrx_word' id='word_1_37' title='bbox 10 1220 16 1234; x_wconf 23' lang='grc' dir='ltr'>ἱ</span> <span class='ocrx_word' id='word_1_38' title='bbox 60 1120 168 1219; x_wconf 80' lang='lat' dir='ltr'>Quale</span> <span class='ocrx_word' id='word_1_39' title='bbox 186 1138 295 1194; x_wconf 88' lang='lat' dir='ltr'><strong>tamen</strong></span> <span class='ocrx_word' id='word_1_40' title='bbox 311 1121 426 1221; x_wconf 87' lang='lat' dir='ltr'><strong>potui,</strong></span> <span class='ocrx_word' id='word_1_41' title='bbox 444 1120 485 1194; x_wconf 88' lang='lat' dir='ltr'><strong>de</strong></span> <span class='ocrx_word' id='word_1_42' title='bbox 503 1119 621 1205; x_wconf 70' lang='lat' dir='ltr'><strong>credite,</strong></span> <span class='ocrx_word' id='word_1_43' title='bbox 640 1120 757 1206; x_wconf 84' lang='lat' dir='ltr'><strong>Brute,</strong></span> <span class='ocrx_word' id='word_1_44' title='bbox 775 1119 912 1193; x_wconf 41' lang='lat' dir='ltr'><strong>recentis</strong></span> 
     </span>
     <span class='ocr_line' id='line_1_8' title="bbox 107 1232 888 1337; baseline -0.001 -30"><span class='ocrx_word' id='word_1_45' title='bbox 107 1238 224 1309; x_wconf 84' lang='lat' dir='ltr'><strong>Vestra</strong></span> <span class='ocrx_word' id='word_1_46' title='bbox 240 1233 359 1337; x_wconf 85' lang='lat' dir='ltr'><strong>procul</strong></span> <span class='ocrx_word' id='word_1_47' title='bbox 377 1235 508 1336; x_wconf 82' lang='lat' dir='ltr'><strong>positus</strong></span> <span class='ocrx_word' id='word_1_48' title='bbox 525 1262 656 1308; x_wconf 87' lang='lat' dir='ltr'><strong>carmen</strong></span> <span class='ocrx_word' id='word_1_49' title='bbox 673 1235 709 1306; x_wconf 88' lang='lat' dir='ltr'><strong>iu</strong></span> <span class='ocrx_word' id='word_1_50' title='bbox 727 1261 786 1306; x_wconf 86' lang='lat' dir='ltr'><strong>ora</strong></span> <span class='ocrx_word' id='word_1_51' title='bbox 802 1232 888 1319; x_wconf 86' lang='lat' dir='ltr'><strong>dedi.</strong></span> 
     </span>
     <span class='ocr_line' id='line_1_9' title="bbox 59 1347 957 1451; baseline -0.001 -27"><span class='ocrx_word' id='word_1_52' title='bbox 59 1354 145 1449; x_wconf 82' lang='lat' dir='ltr'><strong>Quae</strong></span> <span class='ocrx_word' id='word_1_53' title='bbox 159 1349 267 1451; x_wconf 86' lang='lat' dir='ltr'><strong>prosit</strong></span> <span class='ocrx_word' id='word_1_54' title='bbox 281 1349 389 1450; x_wconf 87' lang='lat' dir='ltr'><strong>pietas</strong></span> <span class='ocrx_word' id='word_1_55' title='bbox 404 1349 530 1423; x_wconf 89' lang='lat' dir='ltr'><strong>utinam</strong></span> <span class='ocrx_word' id='word_1_56' title='bbox 540 1349 646 1422; x_wconf 87' lang='lat' dir='ltr'><strong>mihi!</strong></span> <span class='ocrx_word' id='word_1_57' title='bbox 666 1348 775 1448; x_wconf 88' lang='lat' dir='ltr'><strong>sitque</strong></span> <span class='ocrx_word' id='word_1_58' title='bbox 793 1347 957 1423; x_wconf 87' lang='lat' dir='ltr'><strong>malorum</strong></span> 
     </span>
     <span class='ocr_line' id='line_1_10' title="bbox 107 1466 1123 1557; baseline -0.004 -14"><span class='ocrx_word' id='word_1_59' title='bbox 107 1472 181 1543; x_wconf 85' lang='lat' dir='ltr'><strong>Jam</strong></span> <span class='ocrx_word' id='word_1_60' title='bbox 198 1467 336 1557; x_wconf 81' lang='lat' dir='ltr'><strong>modus,</strong></span> <span class='ocrx_word' id='word_1_61' title='bbox 353 1485 386 1542; x_wconf 88' lang='lat' dir='ltr'><strong>et</strong></span> <span class='ocrx_word' id='word_1_62' title='bbox 402 1496 501 1547; x_wconf 72' lang='lat' dir='ltr'><strong>sacre</strong></span> <span class='ocrx_word' id='word_1_63' title='bbox 515 1467 630 1540; x_wconf 88' lang='lat' dir='ltr'><strong>mitior</strong></span> <span class='ocrx_word' id='word_1_64' title='bbox 646 1468 694 1540; x_wconf 86' lang='lat' dir='ltr'><strong>ira</strong></span> <span class='ocrx_word' id='word_1_65' title='bbox 712 1466 851 1540; x_wconf 78' lang='lat' dir='ltr'><strong>domus!</strong></span> <span class='ocrx_word' id='word_1_66' title='bbox 1090 1504 1123 1542; x_wconf 69' lang='grc' dir='ltr'><strong>ιο</strong></span> 
     </span>
     <span class='ocr_line' id='line_1_11' title="bbox 57 1581 975 1686; baseline -0.004 -26"><span class='ocrx_word' id='word_1_67' title='bbox 57 1587 106 1660; x_wconf 83' lang='lat' dir='ltr'><strong>Te</strong></span> <span class='ocrx_word' id='word_1_68' title='bbox 122 1614 254 1686; x_wconf 90' lang='lat' dir='ltr'><strong>quoque</strong></span> <span class='ocrx_word' id='word_1_69' title='bbox 271 1585 377 1671; x_wconf 84' lang='lat' dir='ltr'><strong>idem,</strong></span> <span class='ocrx_word' id='word_1_70' title='bbox 396 1583 524 1685; x_wconf 88' lang='lat' dir='ltr'><strong>liquido</strong></span> <span class='ocrx_word' id='word_1_71' title='bbox 540 1610 677 1683; x_wconf 82' lang='lat' dir='ltr'><strong>possum</strong></span> <span class='ocrx_word' id='word_1_72' title='bbox 693 1581 816 1679; x_wconf 87' lang='lat' dir='ltr'><strong>jurare,</strong></span> <span class='ocrx_word' id='word_1_73' title='bbox 833 1583 975 1682; x_wconf 87' lang='lat' dir='ltr'><strong>precari,</strong></span> 
     </span>
     <span class='ocr_line' id='line_1_12' title="bbox 108 1698 865 1798; baseline -0.012 -19"><span class='ocrx_word' id='word_1_74' title='bbox 108 1706 141 1779; x_wconf 92' lang='lat'>0</span> <span class='ocrx_word' id='word_1_75' title='bbox 159 1703 242 1778; x_wconf 85' lang='lat' dir='ltr'><strong>mihi</strong></span> <span class='ocrx_word' id='word_1_76' title='bbox 259 1732 328 1777; x_wconf 89' lang='lat' dir='ltr'><strong>non</strong></span> <span class='ocrx_word' id='word_1_77' title='bbox 344 1702 446 1776; x_wconf 82' lang='lat' dir='ltr'><strong>dubia</strong></span> <span class='ocrx_word' id='word_1_78' title='bbox 461 1699 610 1798; x_wconf 82' lang='lat' dir='ltr'><strong>cognite,</strong></span> <span class='ocrx_word' id='word_1_79' title='bbox 626 1698 747 1784; x_wconf 87' lang='lat' dir='ltr'><strong>Brute,</strong></span> <span class='ocrx_word' id='word_1_80' title='bbox 764 1701 865 1771; x_wconf 85' lang='lat' dir='ltr'><strong>nota!</strong></span> 
     </span>
    </p>
   </div>
   <div class='ocr_carea' id='block_1_3' title="bbox 58 1885 1123 1964">
    <p class='ocr_par' dir='ltr' id='par_1_3' title="bbox 58 1885 1123 1964">
     <span class='ocr_line' id='line_1_13' title="bbox 58 1885 1123 1964; baseline 0 -18"><span class='ocrx_word' id='word_1_81' title='bbox 58 1901 100 1960; x_wconf 87' lang='lat' dir='ltr'><strong>te,</strong></span> <span class='ocrx_word' id='word_1_82' title='bbox 112 1891 215 1946; x_wconf 86' lang='lat' dir='ltr'><strong>auditos</strong></span> <span class='ocrx_word' id='word_1_83' title='bbox 233 1890 260 1943; x_wconf 88' lang='lat' dir='ltr'><strong>in</strong></span> <span class='ocrx_word' id='word_1_84' title='bbox 276 1888 369 1942; x_wconf 87' lang='lat' dir='ltr'><strong>sunere</strong></span> <span class='ocrx_word' id='word_1_85' title='bbox 386 1890 443 1956; x_wconf 78' lang='lat' dir='ltr'><strong>ejus</strong></span> <span class='ocrx_word' id='word_1_86' title='bbox 459 1889 564 1942; x_wconf 65' lang='lat' dir='ltr'><strong>Martie·</strong></span> <span class='ocrx_word' id='word_1_87' title='bbox 616 1898 691 1941; x_wconf 89' lang='lat' dir='ltr'><strong>tuum</strong></span> <span class='ocrx_word' id='word_1_88' title='bbox 701 1905 755 1942; x_wconf 80' lang='lat' dir='ltr'><strong>esse</strong></span> <span class='ocrx_word' id='word_1_89' title='bbox 768 1885 837 1940; x_wconf 81' lang='lat' dir='ltr'><strong>dicit</strong></span> <span class='ocrx_word' id='word_1_90' title='bbox 851 1887 934 1941; x_wconf 85' lang='lat' dir='ltr'><strong>Periit</strong></span> <span class='ocrx_word' id='word_1_91' title='bbox 946 1889 1019 1945; x_wconf 85' lang='lat' dir='ltr'><strong>enim</strong></span> <span class='ocrx_word' id='word_1_92' title='bbox 1027 1891 1123 1964; x_wconf 74' lang='lat' dir='ltr'><strong>,quinto</strong></span> 
     </span>
    </p>
   </div>
   <div class='ocr_carea' id='block_1_4' title="bbox 57 1955 1234 2041">
    <p class='ocr_par' dir='ltr' id='par_1_4' title="bbox 57 1955 1234 2041">
     <span class='ocr_line' id='line_1_14' title="bbox 57 1955 1234 2041; baseline -0.004 -18"><span class='ocrx_word' id='word_1_93' title='bbox 57 1970 192 2041; x_wconf 66' lang='lat' dir='ltr'><strong>gemitus,</strong></span> <span class='ocrx_word' id='word_1_94' title='bbox 210 1977 295 2020; x_wconf 83' lang='lat' dir='ltr'><strong>semet</strong></span> <span class='ocrx_word' id='word_1_95' title='bbox 313 1965 472 2032; x_wconf 72' lang='lat' dir='ltr'>incusantis,</span> <span class='ocrx_word' id='word_1_96' title='bbox 493 1964 564 2034; x_wconf 89' lang='lat' dir='ltr'><strong>quod</strong></span> <span class='ocrx_word' id='word_1_97' title='bbox 613 1963 693 2017; x_wconf 79' lang='lat' dir='ltr'><strong>exsilii</strong></span> <span class='ocrx_word' id='word_1_98' title='bbox 712 1972 794 2031; x_wconf 68' lang='lat' dir='ltr'><strong>poeto</strong></span> <span class='ocrx_word' id='word_1_99' title='bbox 811 1980 897 2027; x_wconf 85' lang='lat' dir='ltr'><strong>anno,</strong></span> <span class='ocrx_word' id='word_1_100' title='bbox 916 1955 946 2016; x_wconf 86' lang='lat' dir='ltr'><strong>ut</strong></span> <span class='ocrx_word' id='word_1_101' title='bbox 959 1964 1122 2020; x_wconf 75' lang='lat' dir='ltr'><strong>diximus-</strong></span> <span class='ocrx_word' id='word_1_102' title='bbox 1231 2016 1234 2021; x_wconf 21' lang='grc' dir='ltr'><strong><em>Δ</em></strong></span> 
     </span>
    </p>
   </div>
   <div class='ocr_carea' id='block_1_5' title="bbox 58 2035 1030 2109">
    <p class='ocr_par' dir='ltr' id='par_1_5' title="bbox 58 2035 1030 2109">
     <span class='ocr_line' id='line_1_15' title="bbox 58 2035 1030 2109; baseline -0.009 -7"><span class='ocrx_word' id='word_1_103' title='bbox 58 2067 133 2102; x_wconf 80' lang='lat' dir='ltr'><strong>causa</strong></span> <span class='ocrx_word' id='word_1_104' title='bbox 153 2045 222 2100; x_wconf 89' lang='lat' dir='ltr'><strong>exitii</strong></span> <span class='ocrx_word' id='word_1_105' title='bbox 241 2043 337 2098; x_wconf 87' lang='lat' dir='ltr'><strong>marito</strong></span> <span class='ocrx_word' id='word_1_106' title='bbox 359 2044 468 2109; x_wconf 74' lang='lat' dir='ltr'><strong>suisset,</strong></span> <span class='ocrx_word' id='word_1_107' title='bbox 487 2054 537 2098; x_wconf 81' lang='lat' dir='ltr'><strong>ete.</strong></span> <span class='ocrx_word' id='word_1_108' title='bbox 551 2064 564 2090; x_wconf 74' lang='grc' dir='ltr'>υ</span> <span class='ocrx_word' id='word_1_109' title='bbox 612 2041 815 2108; x_wconf 72' lang='lat' dir='ltr'><strong>Spemosttaa.</strong></span> <span class='ocrx_word' id='word_1_110' title='bbox 828 2035 910 2105; x_wconf 85' lang='lat' dir='ltr'>Spem</span> <span class='ocrx_word' id='word_1_111' title='bbox 922 2037 1030 2093; x_wconf 86' lang='lat' dir='ltr'><strong>reditus.</strong></span> 
     </span>
    </p>
   </div>
   <div class='ocr_carea' id='block_1_6' title="bbox 58 2114 1267 2196">
    <p class='ocr_par' dir='ltr' id='par_1_6' title="bbox 58 2114 1267 2196">
     <span class='ocr_line' id='line_1_16' title="bbox 58 2114 1267 2196; baseline -0.004 -16"><span class='ocrx_word' id='word_1_112' title='bbox 58 2127 137 2181; x_wconf 83' lang='lat' dir='ltr'><strong>Hanc</strong></span> <span class='ocrx_word' id='word_1_113' title='bbox 148 2125 227 2196; x_wconf 79' lang='lat' dir='ltr'><strong>igitur</strong></span> <span class='ocrx_word' id='word_1_114' title='bbox 237 2142 354 2189; x_wconf 81' lang='lat' dir='ltr'><strong>causam,</strong></span> <span class='ocrx_word' id='word_1_115' title='bbox 368 2124 428 2192; x_wconf 86' lang='lat' dir='ltr'><strong>quia</strong></span> <span class='ocrx_word' id='word_1_116' title='bbox 438 2120 563 2188; x_wconf 78' lang='lat' dir='ltr'><strong>Ovidius,</strong></span> <span class='ocrx_word' id='word_1_117' title='bbox 649 2114 1121 2188; x_wconf 76' lang='lat' dir='ltr'><strong>17.Dereceuticelr&#39;te.(20mpositum</strong></span> <span class='ocrx_word' id='word_1_118' title='bbox 1221 2116 1267 2137; x_wconf 57' lang='lat'><strong>¹*</strong></span> 
     </span>
    </p>
   </div>
   <div class='ocr_carea' id='block_1_7' title="bbox 50 2192 1122 4223">
    <p class='ocr_par' dir='ltr' id='par_1_7' title="bbox 56 2192 1122 2665">
     <span class='ocr_line' id='line_1_17' title="bbox 58 2192 1122 2275; baseline -0.008 -16"><span class='ocrx_word' id='word_1_119' title='bbox 58 2215 148 2275; x_wconf 78' lang='lat' dir='ltr'><strong>utpote</strong></span> <span class='ocrx_word' id='word_1_120' title='bbox 168 2215 222 2258; x_wconf 87' lang='lat' dir='ltr'><strong>tarn</strong></span> <span class='ocrx_word' id='word_1_121' title='bbox 240 2203 317 2272; x_wconf 77' lang='lat' dir='ltr'><strong>longe</strong></span> <span class='ocrx_word' id='word_1_122' title='bbox 338 2210 477 2263; x_wconf 83' lang='lat' dir='ltr'><strong>remotus,</strong></span> <span class='ocrx_word' id='word_1_123' title='bbox 499 2198 564 2252; x_wconf 82' lang='lat' dir='ltr'><strong>seire</strong></span> <span class='ocrx_word' id='word_1_124' title='bbox 613 2193 646 2246; x_wconf 85' lang='lat' dir='ltr'><strong>de</strong></span> <span class='ocrx_word' id='word_1_125' title='bbox 655 2195 710 2262; x_wconf 76' lang='lat' dir='ltr'><strong>ipso</strong></span> <span class='ocrx_word' id='word_1_126' title='bbox 718 2193 838 2262; x_wconf 74' lang='lat' dir='ltr'><strong>Augusto</strong></span> <span class='ocrx_word' id='word_1_127' title='bbox 847 2192 892 2262; x_wconf 90' lang='lat' dir='ltr'><strong>qui</strong></span> <span class='ocrx_word' id='word_1_128' title='bbox 902 2192 1056 2263; x_wconf 77' lang='lat' dir='ltr'><strong>adSnperoe</strong></span> <span class='ocrx_word' id='word_1_129' title='bbox 1064 2217 1122 2251; x_wconf 74' lang='lat' dir='ltr'><strong>evo</strong></span> 
     </span>
     <span class='ocr_line' id='line_1_18' title="bbox 57 2272 1120 2352; baseline -0.008 -15"><span class='ocrx_word' id='word_1_130' title='bbox 57 2302 111 2336; x_wconf 89' lang='lat' dir='ltr'><strong>non</strong></span> <span class='ocrx_word' id='word_1_131' title='bbox 124 2292 228 2352; x_wconf 82' lang='lat' dir='ltr'><strong>posset,</strong></span> <span class='ocrx_word' id='word_1_132' title='bbox 244 2290 289 2333; x_wconf 87' lang='lat' dir='ltr'><strong>aut</strong></span> <span class='ocrx_word' id='word_1_133' title='bbox 304 2279 383 2332; x_wconf 82' lang='lat' dir='ltr'><strong>etiam</strong></span> <span class='ocrx_word' id='word_1_134' title='bbox 396 2316 404 2344; x_wconf 88' lang='lat'><em>,</em></span> <span class='ocrx_word' id='word_1_135' title='bbox 418 2277 439 2331; x_wconf 84' lang='lat' dir='ltr'><strong>si</strong></span> <span class='ocrx_word' id='word_1_136' title='bbox 452 2275 564 2342; x_wconf 61' lang='lat' dir='ltr'><strong>stimat,</strong></span> <span class='ocrx_word' id='word_1_137' title='bbox 610 2272 682 2328; x_wconf 77' lang='lat' dir='ltr'><strong>davit.</strong></span> <span class='ocrx_word' id='word_1_138' title='bbox 693 2273 966 2344; x_wconf 72' lang='lat' dir='ltr'><strong>Mn.-Augustum</strong></span> <span class='ocrx_word' id='word_1_139' title='bbox 983 2274 1120 2348; x_wconf 72' lang='lat' dir='ltr'><strong>intelligit,</strong></span> 
     </span>
     <span class='ocr_line' id='line_1_19' title="bbox 56 2352 1121 2430; baseline -0.005 -16"><span class='ocrx_word' id='word_1_140' title='bbox 56 2360 142 2430; x_wconf 76' lang='lat' dir='ltr'><strong>palam</strong></span> <span class='ocrx_word' id='word_1_141' title='bbox 154 2359 232 2412; x_wconf 88' lang='lat' dir='ltr'><strong>edere</strong></span> <span class='ocrx_word' id='word_1_142' title='bbox 244 2355 342 2422; x_wconf 80' lang='lat' dir='ltr'><strong>nollet,</strong></span> <span class='ocrx_word' id='word_1_143' title='bbox 359 2355 435 2425; x_wconf 78' lang='lat' dir='ltr'><strong>fingit</strong></span> <span class='ocrx_word' id='word_1_144' title='bbox 446 2374 473 2408; x_wconf 87' lang='lat' dir='ltr'><strong>se</strong></span> <span class='ocrx_word' id='word_1_145' title='bbox 486 2352 565 2409; x_wconf 86' lang='lat' dir='ltr'><strong>dubi·</strong></span> <span class='ocrx_word' id='word_1_146' title='bbox 612 2352 655 2405; x_wconf 78' lang='lat' dir='ltr'><strong>cui</strong></span> <span class='ocrx_word' id='word_1_147' title='bbox 667 2352 793 2413; x_wconf 76' lang='lat' dir='ltr'><strong>defuncto</strong></span> <span class='ocrx_word' id='word_1_148' title='bbox 807 2353 893 2406; x_wconf 82' lang='lat' dir='ltr'><strong>statim</strong></span> <span class='ocrx_word' id='word_1_149' title='bbox 910 2352 991 2407; x_wconf 84' lang='lat' dir='ltr'><strong>divini</strong></span> <span class='ocrx_word' id='word_1_150' title='bbox 1006 2354 1121 2409; x_wconf 79' lang='lat' dir='ltr'>honores</span> 
     </span>
     <span class='ocr_line' id='line_1_20' title="bbox 57 2430 921 2506; baseline -0.008 -14"><span class='ocrx_word' id='word_1_151' title='bbox 57 2448 128 2503; x_wconf 84' lang='lat' dir='ltr'><strong>tare,</strong></span> <span class='ocrx_word' id='word_1_152' title='bbox 141 2448 232 2489; x_wconf 89' lang='lat' dir='ltr'><strong>utrum</strong></span> <span class='ocrx_word' id='word_1_153' title='bbox 244 2437 298 2506; x_wconf 89' lang='lat' dir='ltr'><strong>ipse</strong></span> <span class='ocrx_word' id='word_1_154' title='bbox 308 2454 385 2489; x_wconf 79' lang='lat' dir='ltr'><strong>causa</strong></span> <span class='ocrx_word' id='word_1_155' title='bbox 395 2431 462 2488; x_wconf 78' lang='lat' dir='ltr'><strong>iltius</strong></span> <span class='ocrx_word' id='word_1_156' title='bbox 470 2432 564 2487; x_wconf 86' lang='lat' dir='ltr'><strong>mortis</strong></span> <span class='ocrx_word' id='word_1_157' title='bbox 612 2430 710 2485; x_wconf 84' lang='lat' dir='ltr'><strong>decreti</strong></span> <span class='ocrx_word' id='word_1_158' title='bbox 724 2431 806 2486; x_wconf 81' lang='lat' dir='ltr'><strong>suere.</strong></span> <span class='ocrx_word' id='word_1_159' title='bbox 817 2432 921 2487; x_wconf 80' lang='lat' dir='ltr'><strong>Mtcrn.</strong></span> 
     </span>
     <span class='ocr_line' id='line_1_21' title="bbox 56 2511 1118 2582; baseline -0.005 -11"><span class='ocrx_word' id='word_1_160' title='bbox 56 2515 190 2571; x_wconf 86' lang='lat' dir='ltr'><strong>exstiterit.</strong></span> <span class='ocrx_word' id='word_1_161' title='bbox 204 2543 237 2555; x_wconf 89' lang='lat'>—</span> <span class='ocrx_word' id='word_1_162' title='bbox 253 2518 306 2568; x_wconf 83' lang='lat' dir='ltr'><strong>Nec</strong></span> <span class='ocrx_word' id='word_1_163' title='bbox 315 2515 416 2582; x_wconf 80' lang='lat' dir='ltr'><strong>sueram</strong></span> <span class='ocrx_word' id='word_1_164' title='bbox 432 2518 505 2567; x_wconf 80' lang='lat' dir='ltr'><strong>tanti.</strong></span> <span class='ocrx_word' id='word_1_165' title='bbox 523 2512 563 2567; x_wconf 90' lang='lat' dir='ltr'><strong>Ut</strong></span> <span class='ocrx_word' id='word_1_166' title='bbox 637 2511 810 2565; x_wconf 61' lang='lat' dir='ltr'><strong>innotata</strong></span> <span class='ocrx_word' id='word_1_167' title='bbox 817 2523 1118 2582; x_wconf 80' lang='lat' dir='ltr'><strong>conspectumvestrum.</strong></span> 
     </span>
     <span class='ocr_line' id='line_1_22' title="bbox 57 2588 1118 2665; baseline -0.002 -17"><span class='ocrx_word' id='word_1_168' title='bbox 57 2612 198 2648; x_wconf 84' lang='lat' dir='ltr'><strong>meacausa</strong></span> <span class='ocrx_word' id='word_1_169' title='bbox 210 2593 356 2647; x_wconf 74' lang='lat' dir='ltr'>morereris.</span> <span class='ocrx_word' id='word_1_170' title='bbox 611 2588 746 2644; x_wconf 78' lang='lat' dir='ltr'><strong>-&#39;Posins</strong></span> <span class='ocrx_word' id='word_1_171' title='bbox 753 2595 848 2657; x_wconf 77' lang='lat' dir='ltr'><strong>procul.</strong></span> <span class='ocrx_word' id='word_1_172' title='bbox 860 2591 950 2665; x_wconf 78' lang='lat' dir='ltr'><strong>Longe</strong></span> <span class='ocrx_word' id='word_1_173' title='bbox 965 2612 979 2646; x_wconf 82' lang='lat' dir='ltr'><strong>a</strong></span> <span class='ocrx_word' id='word_1_174' title='bbox 991 2593 1063 2648; x_wconf 76' lang='lat' dir='ltr'><strong>votis</strong></span> <span class='ocrx_word' id='word_1_175' title='bbox 1072 2613 1118 2646; x_wconf 79' lang='lat' dir='ltr'><strong>xe—</strong></span> 
     </span>
    </p>

    <p class='ocr_par' dir='ltr' id='par_1_8' title="bbox 53 2670 1119 3444">
     <span class='ocr_line' id='line_1_23' title="bbox 92 2670 928 2735; baseline -0.002 -11"><span class='ocrx_word' id='word_1_176' title='bbox 92 2673 129 2725; x_wconf 83' lang='lat'><strong>13.</strong></span> <span class='ocrx_word' id='word_1_177' title='bbox 141 2674 201 2724; x_wconf 83' lang='lat' dir='ltr'><strong>Janr</strong></span> <span class='ocrx_word' id='word_1_178' title='bbox 216 2678 297 2726; x_wconf 81' lang='lat' dir='ltr'><strong>timeo.</strong></span> <span class='ocrx_word' id='word_1_179' title='bbox 315 2672 377 2725; x_wconf 84' lang='lat' dir='ltr'><strong>Jam</strong></span> <span class='ocrx_word' id='word_1_180' title='bbox 396 2682 507 2735; x_wconf 85' lang='lat' dir='ltr'><strong>metuo,</strong></span> <span class='ocrx_word' id='word_1_181' title='bbox 526 2689 561 2722; x_wconf 90' lang='lat' dir='ltr'><strong>ne</strong></span> <span class='ocrx_word' id='word_1_182' title='bbox 611 2671 825 2722; x_wconf 62' lang='lat' dir='ltr'><strong>morus—Dedi.</strong></span> <span class='ocrx_word' id='word_1_183' title='bbox 837 2670 907 2722; x_wconf 87' lang='lat' dir='ltr'><strong>Misi.</strong></span> <span class='ocrx_word' id='word_1_184' title='bbox 926 2670 928 2674; x_wconf 67' lang='grc'>’</span> 
     </span>
     <span class='ocr_line' id='line_1_24' title="bbox 57 2747 1118 2818; baseline 0.003 -16"><span class='ocrx_word' id='word_1_185' title='bbox 57 2749 132 2802; x_wconf 87' lang='lat' dir='ltr'><strong>amici</strong></span> <span class='ocrx_word' id='word_1_186' title='bbox 144 2749 231 2803; x_wconf 83' lang='lat' dir='ltr'><strong>dolore</strong></span> <span class='ocrx_word' id='word_1_187' title='bbox 249 2769 369 2803; x_wconf 83' lang='lat' dir='ltr'><strong>mearum</strong></span> <span class='ocrx_word' id='word_1_188' title='bbox 385 2747 562 2801; x_wconf 81' lang='lat' dir='ltr'><strong>calamitatum</strong></span> <span class='ocrx_word' id='word_1_189' title='bbox 646 2764 683 2818; x_wconf 80' lang='lat'><strong>¹9.</strong></span> <span class='ocrx_word' id='word_1_190' title='bbox 695 2750 1036 2816; x_wconf 76' lang='lat' dir='ltr'><strong>Quaeprositpietasstr&#39;nam</strong></span> <span class='ocrx_word' id='word_1_191' title='bbox 1043 2751 1118 2805; x_wconf 74' lang='lat' dir='ltr'><strong>milri!</strong></span> 
     </span>
     <span class='ocr_line' id='line_1_25' title="bbox 57 2821 1116 2898; baseline 0.004 -19"><span class='ocrx_word' id='word_1_192' title='bbox 57 2826 205 2881; x_wconf 73' lang='lat' dir='ltr'><strong>afficiantur</strong></span> <span class='ocrx_word' id='word_1_193' title='bbox 223 2839 249 2880; x_wconf 88' lang='lat' dir='ltr'><strong>et</strong></span> <span class='ocrx_word' id='word_1_194' title='bbox 269 2836 398 2894; x_wconf 88' lang='lat' dir='ltr'><strong>pereant,</strong></span> <span class='ocrx_word' id='word_1_195' title='bbox 422 2834 451 2878; x_wconf 90' lang='lat' dir='ltr'><strong>ut</strong></span> <span class='ocrx_word' id='word_1_196' title='bbox 467 2824 561 2878; x_wconf 88' lang='lat' dir='ltr'><strong>Fabius</strong></span> <span class='ocrx_word' id='word_1_197' title='bbox 612 2821 1116 2898; x_wconf 72' lang='lat' dir='ltr'><strong>Qmamormeuserganugunommihi</strong></span> 
     </span>
     <span class='ocr_line' id='line_1_26' title="bbox 57 2899 1119 2975; baseline 0.004 -18"><span class='ocrx_word' id='word_1_198' title='bbox 57 2903 194 2958; x_wconf 77' lang='lat' dir='ltr'><strong>Maximus.</strong></span> <span class='ocrx_word' id='word_1_199' title='bbox 204 2932 236 2942; x_wconf 90' lang='lat'>-</span> <span class='ocrx_word' id='word_1_200' title='bbox 245 2905 363 2954; x_wconf 77' lang='lat' dir='ltr'><strong>Salutem.</strong></span> <span class='ocrx_word' id='word_1_201' title='bbox 376 2903 435 2954; x_wconf 86' lang='lat' dir='ltr'><strong>Hoc</strong></span> <span class='ocrx_word' id='word_1_202' title='bbox 449 2910 504 2965; x_wconf 87' lang='lat' dir='ltr'><strong>est,</strong></span> <span class='ocrx_word' id='word_1_203' title='bbox 522 2899 560 2951; x_wconf 84' lang='grc' dir='ltr'><strong>ιί-</strong></span> <span class='ocrx_word' id='word_1_204' title='bbox 611 2902 1119 2975; x_wconf 79' lang='lat' dir='ltr'><strong>utinamprosit!-Sr&#39;!q11ema!ormJam</strong></span> 
     </span>
     <span class='ocr_line' id='line_1_27' title="bbox 57 2978 1115 3054; baseline 0.003 -18"><span class='ocrx_word' id='word_1_205' title='bbox 57 2992 111 3036; x_wconf 85' lang='lat' dir='ltr'><strong>tam</strong></span> <span class='ocrx_word' id='word_1_206' title='bbox 119 2980 373 3045; x_wconf 85' lang='lat' dir='ltr'><strong>etinrolnmitatem,</strong></span> <span class='ocrx_word' id='word_1_207' title='bbox 384 2978 561 3032; x_wconf 82' lang='lat' dir='ltr'><strong>utsitsemus:</strong></span> <span class='ocrx_word' id='word_1_208' title='bbox 609 2982 704 3032; x_wconf 72' lang='lat' dir='ltr'><strong>nodus.</strong></span> <span class='ocrx_word' id='word_1_209' title='bbox 714 2981 860 3049; x_wconf 87' lang='lat' dir='ltr'><strong>Quomodo</strong></span> <span class='ocrx_word' id='word_1_210' title='bbox 867 2982 930 3036; x_wconf 77' lang='lat' dir='ltr'><strong>vetit</strong></span> <span class='ocrx_word' id='word_1_211' title='bbox 936 2984 984 3038; x_wconf 87' lang='lat' dir='ltr'><strong>sibi</strong></span> <span class='ocrx_word' id='word_1_212' title='bbox 993 2985 1115 3054; x_wconf 82' lang='lat' dir='ltr'><strong>pietatem</strong></span> 
     </span>
     <span class='ocr_line' id='line_1_28' title="bbox 58 3057 1116 3130; baseline 0.004 -17"><span class='ocrx_word' id='word_1_213' title='bbox 58 3060 130 3130; x_wconf 86' lang='lat' dir='ltr'><strong>Quia</strong></span> <span class='ocrx_word' id='word_1_214' title='bbox 153 3058 231 3127; x_wconf 82' lang='lat' dir='ltr'><strong>igitur</strong></span> <span class='ocrx_word' id='word_1_215' title='bbox 251 3057 402 3123; x_wconf 75' lang='lat' dir='ltr'><strong>Maximus,</strong></span> <span class='ocrx_word' id='word_1_216' title='bbox 422 3058 442 3109; x_wconf 89' lang='lat' dir='ltr'><strong>is</strong></span> <span class='ocrx_word' id='word_1_217' title='bbox 460 3057 488 3109; x_wconf 93' lang='lat' dir='ltr'><strong>in</strong></span> <span class='ocrx_word' id='word_1_218' title='bbox 508 3075 561 3125; x_wconf 91' lang='lat' dir='ltr'><strong>quo</strong></span> <span class='ocrx_word' id='word_1_219' title='bbox 607 3076 699 3121; x_wconf 86' lang='lat' dir='ltr'><strong>suam,</strong></span> <span class='ocrx_word' id='word_1_220' title='bbox 718 3069 744 3110; x_wconf 89' lang='lat' dir='ltr'><strong>et</strong></span> <span class='ocrx_word' id='word_1_221' title='bbox 760 3061 876 3113; x_wconf 87' lang='lat' dir='ltr'><strong>carmina</strong></span> <span class='ocrx_word' id='word_1_222' title='bbox 889 3061 915 3112; x_wconf 93' lang='lat' dir='ltr'><strong>in</strong></span> <span class='ocrx_word' id='word_1_223' title='bbox 931 3061 1037 3116; x_wconf 84' lang='lat' dir='ltr'><strong>laudem</strong></span> <span class='ocrx_word' id='word_1_224' title='bbox 1053 3067 1116 3117; x_wconf 83' lang='lat' dir='ltr'><strong>Au-</strong></span> 
     </span>
     <span class='ocr_line' id='line_1_29' title="bbox 55 3134 1113 3209; baseline 0.006 -20"><span class='ocrx_word' id='word_1_225' title='bbox 55 3155 188 3193; x_wconf 79' lang='lat' dir='ltr'><strong>xummam</strong></span> <span class='ocrx_word' id='word_1_226' title='bbox 203 3154 276 3205; x_wconf 84' lang='lat' dir='ltr'><strong>spem</strong></span> <span class='ocrx_word' id='word_1_227' title='bbox 292 3136 402 3204; x_wconf 76' lang='lat' dir='ltr'><strong>positam</strong></span> <span class='ocrx_word' id='word_1_228' title='bbox 415 3134 559 3201; x_wconf 72' lang='lat' dir='ltr'><strong>habebam,</strong></span> <span class='ocrx_word' id='word_1_229' title='bbox 608 3136 675 3204; x_wconf 69' lang='lat' dir='ltr'><strong>gusti</strong></span> <span class='ocrx_word' id='word_1_230' title='bbox 687 3135 805 3190; x_wconf 84' lang='lat' dir='ltr'><strong>defuncti</strong></span> <span class='ocrx_word' id='word_1_231' title='bbox 819 3139 962 3207; x_wconf 85' lang='lat' dir='ltr'><strong>composita</strong></span> <span class='ocrx_word' id='word_1_232' title='bbox 977 3141 1113 3209; x_wconf 80' lang='lat' dir='ltr'><strong>prodesse,</strong></span> 
     </span>
     <span class='ocr_line' id='line_1_30' title="bbox 56 3211 1115 3287; baseline 0.004 -15"><span class='ocrx_word' id='word_1_233' title='bbox 56 3215 185 3279; x_wconf 69' lang='lat' dir='ltr'><strong>decessit,</strong></span> <span class='ocrx_word' id='word_1_234' title='bbox 203 3232 295 3269; x_wconf 82' lang='lat' dir='ltr'><strong>vereor</strong></span> <span class='ocrx_word' id='word_1_235' title='bbox 307 3212 428 3282; x_wconf 85' lang='lat' dir='ltr'><strong>deinceps</strong></span> <span class='ocrx_word' id='word_1_236' title='bbox 443 3211 490 3265; x_wconf 75' lang='lat' dir='ltr'><strong>uili</strong></span> <span class='ocrx_word' id='word_1_237' title='bbox 503 3231 561 3265; x_wconf 75' lang='lat' dir='ltr'><strong>am·</strong></span> <span class='ocrx_word' id='word_1_238' title='bbox 608 3216 742 3271; x_wconf 86' lang='lat' dir='ltr'><strong>ostendit:</strong></span> <span class='ocrx_word' id='word_1_239' title='bbox 758 3217 875 3284; x_wconf 76' lang='lat' dir='ltr'><strong>horest,</strong></span> <span class='ocrx_word' id='word_1_240' title='bbox 894 3230 923 3272; x_wconf 88' lang='lat' dir='ltr'><strong>ut</strong></span> <span class='ocrx_word' id='word_1_241' title='bbox 939 3221 992 3287; x_wconf 86' lang='lat' dir='ltr'><strong>jam</strong></span> <span class='ocrx_word' id='word_1_242' title='bbox 1007 3221 1040 3275; x_wconf 85' lang='lat' dir='ltr'><strong>sit</strong></span> <span class='ocrx_word' id='word_1_243' title='bbox 1055 3222 1115 3275; x_wconf 83' lang='lat' dir='ltr'><strong>finis</strong></span> 
     </span>
     <span class='ocr_line' id='line_1_31' title="bbox 55 3290 1115 3366; baseline 0.006 -18"><span class='ocrx_word' id='word_1_244' title='bbox 55 3294 122 3366; x_wconf 62' lang='lat' dir='ltr'><strong>ydus</strong></span> <span class='ocrx_word' id='word_1_245' title='bbox 134 3311 224 3346; x_wconf 84' lang='lat' dir='ltr'><strong>curam</strong></span> <span class='ocrx_word' id='word_1_246' title='bbox 236 3290 324 3344; x_wconf 74' lang='lat' dir='ltr'><strong>solutis</strong></span> <span class='ocrx_word' id='word_1_247' title='bbox 337 3303 365 3345; x_wconf 86' lang='lat' dir='ltr'><strong>et</strong></span> <span class='ocrx_word' id='word_1_248' title='bbox 375 3290 561 3345; x_wconf 71' lang='lat' dir='ltr'><strong>incolumitatis</strong></span> <span class='ocrx_word' id='word_1_249' title='bbox 608 3295 753 3359; x_wconf 83' lang='lat' dir='ltr'><strong>maiorum,</strong></span> <span class='ocrx_word' id='word_1_250' title='bbox 769 3314 826 3364; x_wconf 82' lang='lat' dir='ltr'><strong>quar</strong></span> <span class='ocrx_word' id='word_1_251' title='bbox 842 3315 888 3363; x_wconf 79' lang='lat' dir='ltr'><strong>per</strong></span> <span class='ocrx_word' id='word_1_252' title='bbox 904 3295 1115 3364; x_wconf 86' lang='lat' dir='ltr'><strong>quinquennium</strong></span> 
     </span>
     <span class='ocr_line' id='line_1_32' title="bbox 53 3370 1033 3444; baseline -0.002 -17"><span class='ocrx_word' id='word_1_253' title='bbox 53 3370 327 3431; x_wconf 66' lang='lat' dir='ltr'><strong>mmmmendare.</strong></span> <span class='ocrx_word' id='word_1_254' title='bbox 339 3370 443 3424; x_wconf 68' lang='lat' dir='ltr'><strong>Mrem„</strong></span> <span class='ocrx_word' id='word_1_255' title='bbox 607 3390 694 3444; x_wconf 73' lang='lat' dir='ltr'><strong>purus</strong></span> <span class='ocrx_word' id='word_1_256' title='bbox 707 3384 745 3425; x_wconf 87' lang='lat' dir='ltr'><strong>est</strong></span> <span class='ocrx_word' id='word_1_257' title='bbox 759 3374 785 3426; x_wconf 90' lang='lat' dir='ltr'><strong>in</strong></span> <span class='ocrx_word' id='word_1_258' title='bbox 798 3374 906 3428; x_wconf 83' lang='lat' dir='ltr'><strong>Pontica</strong></span> <span class='ocrx_word' id='word_1_259' title='bbox 917 3376 1033 3444; x_wconf 77' lang='lat' dir='ltr'><strong>regione.</strong></span> 
     </span>
    </p>

    <p class='ocr_par' dir='ltr' id='par_1_9' title="bbox 50 3448 1113 3991">
     <span class='ocr_line' id='line_1_33' title="bbox 90 3448 1113 3522; baseline 0.001 -16"><span class='ocrx_word' id='word_1_260' title='bbox 90 3455 128 3506; x_wconf 84' lang='lat'><strong>1⁵.</strong></span> <span class='ocrx_word' id='word_1_261' title='bbox 143 3453 227 3518; x_wconf 75' lang='lat' dir='ltr'><strong>Culpae</strong></span> <span class='ocrx_word' id='word_1_262' title='bbox 243 3454 356 3517; x_wconf 69' lang='lat' dir='ltr'><strong>decepto.</strong></span> <span class='ocrx_word' id='word_1_263' title='bbox 376 3448 468 3502; x_wconf 85' lang='lat' dir='ltr'><strong>Errori</strong></span> <span class='ocrx_word' id='word_1_264' title='bbox 481 3466 558 3512; x_wconf 91' lang='lat' dir='ltr'><strong>meo,</strong></span> <span class='ocrx_word' id='word_1_265' title='bbox 639 3472 681 3505; x_wconf 64' lang='grc' dir='ltr'><strong>αι.</strong></span> <span class='ocrx_word' id='word_1_266' title='bbox 704 3455 739 3504; x_wconf 78' lang='lat' dir='ltr'><strong>Te</strong></span> <span class='ocrx_word' id='word_1_267' title='bbox 757 3472 852 3521; x_wconf 76' lang='lat' dir='ltr'><strong>quoque</strong></span> <span class='ocrx_word' id='word_1_268' title='bbox 865 3458 968 3522; x_wconf 77' lang='lat' dir='ltr'><strong>precari</strong></span> <span class='ocrx_word' id='word_1_269' title='bbox 982 3458 1054 3508; x_wconf 79' lang='lat' dir='ltr'><strong>idem.</strong></span> <span class='ocrx_word' id='word_1_270' title='bbox 1073 3457 1113 3513; x_wconf 73' lang='lat' dir='ltr'><strong>Te</strong></span> 
     </span>
     <span class='ocr_line' id='line_1_34' title="bbox 53 3523 1113 3599; baseline 0.009 -17"><span class='ocrx_word' id='word_1_271' title='bbox 53 3527 100 3599; x_wconf 80' lang='lat' dir='ltr'><strong>qui</strong></span> <span class='ocrx_word' id='word_1_272' title='bbox 111 3547 171 3594; x_wconf 86' lang='lat' dir='ltr'><strong>me,</strong></span> <span class='ocrx_word' id='word_1_273' title='bbox 183 3539 229 3583; x_wconf 83' lang='lat' dir='ltr'><strong>aut</strong></span> <span class='ocrx_word' id='word_1_274' title='bbox 240 3526 347 3580; x_wconf 82' lang='lat' dir='ltr'><strong>sortasse</strong></span> <span class='ocrx_word' id='word_1_275' title='bbox 358 3525 503 3595; x_wconf 76' lang='lat' dir='ltr'><strong>Augustum</strong></span> <span class='ocrx_word' id='word_1_276' title='bbox 516 3523 560 3575; x_wconf 86' lang='lat' dir='ltr'><strong>de·</strong></span> <span class='ocrx_word' id='word_1_277' title='bbox 607 3529 736 3595; x_wconf 81' lang='lat' dir='ltr'><strong>Brutum,</strong></span> <span class='ocrx_word' id='word_1_278' title='bbox 754 3550 768 3582; x_wconf 83' lang='lat' dir='ltr'><strong>a</strong></span> <span class='ocrx_word' id='word_1_279' title='bbox 781 3531 888 3584; x_wconf 83' lang='lat' dir='ltr'><strong>Tiberio</strong></span> <span class='ocrx_word' id='word_1_280' title='bbox 907 3542 933 3585; x_wconf 87' lang='lat' dir='ltr'><strong>et</strong></span> <span class='ocrx_word' id='word_1_281' title='bbox 953 3532 1113 3593; x_wconf 82' lang='lat' dir='ltr'><strong>Germanico</strong></span> 
     </span>
     <span class='ocr_line' id='line_1_35' title="bbox 51 3604 1113 3678; baseline 0.006 -18"><span class='ocrx_word' id='word_1_282' title='bbox 51 3607 137 3678; x_wconf 81' lang='lat' dir='ltr'><strong>oepit,</strong></span> <span class='ocrx_word' id='word_1_283' title='bbox 148 3608 301 3662; x_wconf 85' lang='lat' dir='ltr'><strong>credentem</strong></span> <span class='ocrx_word' id='word_1_284' title='bbox 313 3625 356 3659; x_wconf 87' lang='lat' dir='ltr'><strong>me</strong></span> <span class='ocrx_word' id='word_1_285' title='bbox 369 3604 486 3659; x_wconf 81' lang='lat' dir='ltr'><strong>consulto</strong></span> <span class='ocrx_word' id='word_1_286' title='bbox 497 3622 560 3671; x_wconf 85' lang='lat' dir='ltr'><strong>pec-</strong></span> <span class='ocrx_word' id='word_1_287' title='bbox 606 3607 685 3660; x_wconf 78' lang='lat' dir='ltr'><strong>etism</strong></span> <span class='ocrx_word' id='word_1_288' title='bbox 704 3605 774 3659; x_wconf 89' lang='lat' dir='ltr'><strong>idem</strong></span> <span class='ocrx_word' id='word_1_289' title='bbox 793 3618 882 3676; x_wconf 83' lang='lat' dir='ltr'><strong>petere</strong></span> <span class='ocrx_word' id='word_1_290' title='bbox 899 3648 906 3673; x_wconf 81' lang='grc'><em>,</em></span> <span class='ocrx_word' id='word_1_291' title='bbox 929 3610 999 3677; x_wconf 91' lang='lat' dir='ltr'><strong>quod</strong></span> <span class='ocrx_word' id='word_1_292' title='bbox 1019 3611 1113 3670; x_wconf 81' lang='lat' dir='ltr'><strong>Fabius</strong></span> 
     </span>
     <span class='ocr_line' id='line_1_36' title="bbox 50 3681 1112 3762; baseline 0.009 -28"><span class='ocrx_word' id='word_1_293' title='bbox 50 3704 121 3742; x_wconf 68' lang='lat' dir='ltr'><strong>em</strong></span> <span class='ocrx_word' id='word_1_294' title='bbox 132 3723 139 3748; x_wconf 86' lang='lat'><strong>,</strong></span> <span class='ocrx_word' id='word_1_295' title='bbox 157 3703 238 3750; x_wconf 87' lang='lat' dir='ltr'><strong>quum</strong></span> <span class='ocrx_word' id='word_1_296' title='bbox 249 3686 334 3754; x_wconf 87' lang='lat' dir='ltr'><strong>potius</strong></span> <span class='ocrx_word' id='word_1_297' title='bbox 347 3702 394 3754; x_wconf 84' lang='lat' dir='ltr'><strong>per</strong></span> <span class='ocrx_word' id='word_1_298' title='bbox 404 3681 560 3753; x_wconf 89' lang='lat' dir='ltr'><strong>impruden·</strong></span> <span class='ocrx_word' id='word_1_299' title='bbox 606 3685 716 3752; x_wconf 81' lang='lat' dir='ltr'><strong>petebat.</strong></span> <span class='ocrx_word' id='word_1_300' title='bbox 726 3684 775 3737; x_wconf 82' lang='lat' dir='ltr'><strong>Vei</strong></span> <span class='ocrx_word' id='word_1_301' title='bbox 783 3687 883 3754; x_wconf 88' lang='lat' dir='ltr'><strong>precari</strong></span> <span class='ocrx_word' id='word_1_302' title='bbox 891 3686 962 3738; x_wconf 86' lang='lat' dir='ltr'><strong>idern</strong></span> <span class='ocrx_word' id='word_1_303' title='bbox 972 3688 1042 3756; x_wconf 89' lang='lat' dir='ltr'><strong>quod</strong></span> <span class='ocrx_word' id='word_1_304' title='bbox 1051 3711 1112 3762; x_wconf 78' lang='lat' dir='ltr'><strong>ego;</strong></span> 
     </span>
     <span class='ocr_line' id='line_1_37' title="bbox 51 3761 1111 3835; baseline 0.002 -16"><span class='ocrx_word' id='word_1_305' title='bbox 51 3765 116 3819; x_wconf 75' lang='lat' dir='ltr'><strong>tim</strong></span> <span class='ocrx_word' id='word_1_306' title='bbox 128 3763 336 3816; x_wconf 68' lang='lat' dir='ltr'><strong>erraverimvet</strong></span> <span class='ocrx_word' id='word_1_307' title='bbox 345 3761 440 3826; x_wconf 77' lang='lat' dir='ltr'><strong>etiam,</strong></span> <span class='ocrx_word' id='word_1_308' title='bbox 453 3763 560 3826; x_wconf 70' lang='lat' dir='ltr'><strong>decepto</strong></span> <span class='ocrx_word' id='word_1_309' title='bbox 605 3761 700 3815; x_wconf 82' lang='lat' dir='ltr'><strong>scilicet</strong></span> <span class='ocrx_word' id='word_1_310' title='bbox 708 3771 736 3814; x_wconf 87' lang='lat' dir='ltr'><strong>ut</strong></span> <span class='ocrx_word' id='word_1_311' title='bbox 745 3780 805 3814; x_wconf 87' lang='lat' dir='ltr'><strong>mea</strong></span> <span class='ocrx_word' id='word_1_312' title='bbox 813 3763 893 3830; x_wconf 84' lang='lat' dir='ltr'><strong>pietas</strong></span> <span class='ocrx_word' id='word_1_313' title='bbox 904 3763 969 3816; x_wconf 88' lang='lat' dir='ltr'><strong>mihi</strong></span> <span class='ocrx_word' id='word_1_314' title='bbox 978 3770 1071 3835; x_wconf 81' lang='lat' dir='ltr'><strong>prosit,</strong></span> <span class='ocrx_word' id='word_1_315' title='bbox 1082 3780 1111 3822; x_wconf 93' lang='lat' dir='ltr'><strong>ut</strong></span> 
     </span>
     <span class='ocr_line' id='line_1_38' title="bbox 52 3837 1109 3909; baseline 0.007 -22"><span class='ocrx_word' id='word_1_316' title='bbox 52 3845 146 3909; x_wconf 67' lang='grc' dir='ltr'><strong>ηιμ,</strong></span> <span class='ocrx_word' id='word_1_317' title='bbox 160 3856 207 3904; x_wconf 90' lang='lat' dir='ltr'><strong>per</strong></span> <span class='ocrx_word' id='word_1_318' title='bbox 213 3837 394 3904; x_wconf 89' lang='lat' dir='ltr'><strong>deceptionem</strong></span> <span class='ocrx_word' id='word_1_319' title='bbox 405 3848 432 3892; x_wconf 90' lang='lat' dir='ltr'><strong>et</strong></span> <span class='ocrx_word' id='word_1_320' title='bbox 440 3855 558 3891; x_wconf 88' lang='lat' dir='ltr'><strong>errorem</strong></span> <span class='ocrx_word' id='word_1_321' title='bbox 605 3840 639 3894; x_wconf 83' lang='lat' dir='ltr'><strong>sit</strong></span> <span class='ocrx_word' id='word_1_322' title='bbox 650 3839 743 3893; x_wconf 87' lang='lat' dir='ltr'><strong>modus</strong></span> <span class='ocrx_word' id='word_1_323' title='bbox 756 3840 904 3906; x_wconf 79' lang='lat' dir='ltr'><strong>maiorum,</strong></span> <span class='ocrx_word' id='word_1_324' title='bbox 922 3852 949 3895; x_wconf 91' lang='lat' dir='ltr'><strong>et</strong></span> <span class='ocrx_word' id='word_1_325' title='bbox 962 3845 1033 3898; x_wconf 81' lang='lat' dir='ltr'><strong>nteit</strong></span> <span class='ocrx_word' id='word_1_326' title='bbox 1044 3845 1109 3908; x_wconf 81' lang='lat' dir='ltr'><strong>mihi</strong></span> 
     </span>
     <span class='ocr_line' id='line_1_39' title="bbox 53 3915 1043 3991; baseline 0.007 -24"><span class='ocrx_word' id='word_1_327' title='bbox 53 3925 210 3987; x_wconf 71' lang='lat' dir='ltr'><strong>perpetrate</strong></span> <span class='ocrx_word' id='word_1_328' title='bbox 224 3926 299 3982; x_wconf 85' lang='lat' dir='ltr'><strong>atque</strong></span> <span class='ocrx_word' id='word_1_329' title='bbox 311 3915 460 3970; x_wconf 77' lang='lat' dir='ltr'><strong>commisse.</strong></span> <span class='ocrx_word' id='word_1_330' title='bbox 605 3919 783 3991; x_wconf 69' lang='lat' dir='ltr'><strong>imbenignos</strong></span> <span class='ocrx_word' id='word_1_331' title='bbox 796 3917 929 3976; x_wconf 72' lang='lat' dir='ltr'><strong>Cesarum</strong></span> <span class='ocrx_word' id='word_1_332' title='bbox 943 3924 1043 3977; x_wconf 87' lang='lat' dir='ltr'><strong>domus.</strong></span> 
     </span>
    </p>

    <p class='ocr_par' dir='ltr' id='par_1_10' title="bbox 54 3993 1107 4223">
     <span class='ocr_line' id='line_1_40' title="bbox 87 3993 1107 4068; baseline -0.001 -18"><span class='ocrx_word' id='word_1_333' title='bbox 87 3997 126 4050; x_wconf 75' lang='lat' dir='ltr'><strong>sd.</strong></span> <span class='ocrx_word' id='word_1_334' title='bbox 134 3997 218 4049; x_wconf 74' lang='lat' dir='ltr'><strong>Simu!</strong></span> <span class='ocrx_word' id='word_1_335' title='bbox 224 3997 336 4047; x_wconf 78' lang='lat' dir='ltr'><strong>deseruit.</strong></span> <span class='ocrx_word' id='word_1_336' title='bbox 349 3993 432 4047; x_wconf 85' lang='lat' dir='ltr'><strong>Simul</strong></span> <span class='ocrx_word' id='word_1_337' title='bbox 444 3995 560 4048; x_wconf 78' lang='lat' dir='ltr'><strong>destituit</strong></span> <span class='ocrx_word' id='word_1_338' title='bbox 638 4019 677 4050; x_wconf 72' lang='grc' dir='ltr'><strong>υ.</strong></span> <span class='ocrx_word' id='word_1_339' title='bbox 685 4000 742 4050; x_wconf 86' lang='lat' dir='ltr'><strong>Non</strong></span> <span class='ocrx_word' id='word_1_340' title='bbox 748 4002 826 4051; x_wconf 63' lang='lat' dir='ltr'><strong>dubria</strong></span> <span class='ocrx_word' id='word_1_341' title='bbox 833 4005 1044 4068; x_wconf 59' lang='lat' dir='ltr'><strong>cogmtessmn,</strong></span> <span class='ocrx_word' id='word_1_342' title='bbox 1043 3998 1107 4064; x_wconf 84' lang='lat' dir='ltr'><strong>fide·</strong></span> 
     </span>
     <span class='ocr_line' id='line_1_41' title="bbox 54 4070 1106 4147; baseline -0.003 -19"><span class='ocrx_word' id='word_1_343' title='bbox 54 4073 178 4145; x_wconf 74' lang='lat' dir='ltr'><strong>ipseFeb.</strong></span> <span class='ocrx_word' id='word_1_344' title='bbox 187 4073 326 4125; x_wconf 82' lang='lat' dir='ltr'><strong>Maximus.</strong></span> <span class='ocrx_word' id='word_1_345' title='bbox 333 4070 383 4124; x_wconf 78' lang='lat' dir='ltr'><strong>Vet</strong></span> <span class='ocrx_word' id='word_1_346' title='bbox 391 4083 461 4125; x_wconf 89' lang='lat' dir='ltr'><strong>certe</strong></span> <span class='ocrx_word' id='word_1_347' title='bbox 473 4073 559 4141; x_wconf 85' lang='lat' dir='ltr'><strong>(quod</strong></span> <span class='ocrx_word' id='word_1_348' title='bbox 605 4077 673 4130; x_wconf 82' lang='lat' dir='ltr'><strong>Nota</strong></span> <span class='ocrx_word' id='word_1_349' title='bbox 679 4076 802 4147; x_wconf 75' lang='lat' dir='ltr'><strong>scaligeri</strong></span> <span class='ocrx_word' id='word_1_350' title='bbox 811 4078 892 4132; x_wconf 85' lang='lat' dir='ltr'><strong>codex</strong></span> <span class='ocrx_word' id='word_1_351' title='bbox 902 4089 978 4144; x_wconf 84' lang='lat' dir='ltr'><strong>atque</strong></span> <span class='ocrx_word' id='word_1_352' title='bbox 987 4075 1106 4128; x_wconf 80' lang='lat' dir='ltr'><strong>aliicom·</strong></span> 
     </span>
     <span class='ocr_line' id='line_1_42' title="bbox 55 4150 908 4223; baseline -0.001 -16"><span class='ocrx_word' id='word_1_353' title='bbox 55 4150 241 4222; x_wconf 69' lang='lat' dir='ltr'><strong>nagisptseet)</strong></span> <span class='ocrx_word' id='word_1_354' title='bbox 253 4150 559 4221; x_wconf 68' lang='lat' dir='ltr'><strong>Augustumetismmor</strong></span> <span class='ocrx_word' id='word_1_355' title='bbox 605 4154 706 4223; x_wconf 82' lang='lat' dir='ltr'><strong>plures:</strong></span> <span class='ocrx_word' id='word_1_356' title='bbox 719 4154 795 4210; x_wconf 87' lang='lat' dir='ltr'><strong>bene.</strong></span> <span class='ocrx_word' id='word_1_357' title='bbox 808 4157 908 4213; x_wconf 72' lang='lat' dir='ltr'><strong>Herus.</strong></span> 
     </span>
    </p>
   </div>
   <div class='ocr_carea' id='block_1_8' title="bbox 1310 1783 1356 1975">
    <p class='ocr_par' dir='ltr' id='par_1_11' title="bbox 1310 1783 1356 1975">
     <span class='ocr_line' id='line_1_43' title="bbox 1310 1783 1356 1975; baseline 0 -20"><span class='ocrx_word' id='word_1_358' title='bbox 1310 1783 1356 1975; x_wconf 57' lang='lat' dir='ltr'><strong>,d</strong></span> 
     </span>
    </p>
   </div>
   <div class='ocr_carea' id='block_1_9' title="bbox 0 0 1366 4702">
    <p class='ocr_par' dir='ltr' id='par_1_12' title="bbox 0 0 1366 4702">
     <span class='ocr_line' id='line_1_44' title="bbox 0 0 1366 4702; baseline 0 2"><span class='ocrx_word' id='word_1_359' title='bbox 0 0 1366 4702; x_wconf 95' lang='lat' dir='ltr'><strong> </strong></span> 
     </span>
    </p>
   </div>
  </div>
 </body>
</html>
