2722 4702
148 351 209 444 174
413 350 452 415 P.
485 349 668 416 OVIDII
694 349 928 419 NASONIS

143 493 258 585 Ergo,
277 505 315 562 ut
327 488 399 586 jure
416 488 532 562 damus
549 515 681 588 poenas,
699 489 745 562 sic
762 489 869 562 abluit
887 518 982 563 omne

192 607 332 680 Peccato
348 604 475 679 lacinus
493 602 732 704 consiliumque
747 631 830 677 meo.
851 613 854 616 ’

144 721 252 821 quue
265 723 357 795 Deus
373 720 489 807 sentit,
508 749 571 820 pro
586 749 654 821 quo
668 747 728 795 nee
745 720 854 794 lumen
871 722 1036 795 ademtam
1054 738 1124 810 est,
1170 741 1205 812 45

192 838 262 909 Nec
278 836 360 909 mihi
379 835 539 908 detractas
554 834 704 935 possidet
719 833 801 908 alter
818 862 907 935 opes.

144 952 297 1024 Forsitan
315 951 398 1023 hane
417 950 538 1049 ipsam,
556 948 643 1021 vivat
660 949 778 1038 modo,
794 950 886 1025 finiet
906 950 1004 1038 olim,

193 1070 356 1170 Tempore
372 1094 473 1167 quum
491 1064 591 1139 fuerit
608 1063 715 1140 lenior
731 1067 798 1153 ira,
816 1068 937 1165 sugam.
965 1134 974 1143 .

146 1186 242 1258 Nunc
258 1210 375 1283 precor
391 1183 469 1255 hinc
485 1181 554 1255 alio
565 1182 682 1282 jubeat
699 1182 886 1272 discedere,
905 1184 933 1258 si
947 1212 1018 1258 non

192 1302 315 1375 Nostra
329 1297 513 1371 verecundo
529 1316 603 1371 rota
620 1298 747 1398 pudore
764 1316 884 1374 carent.

145 1420 264 1495 Mitius
280 1414 447 1503 exsilium,
466 1414 634 1517 pauloque
649 1416 890 1517 propinquius,
910 1435 1008 1518 opto,

193 1533 328 1632 Quique
344 1531 388 1603 sit
404 1557 423 1602 a
439 1556 523 1602 saero
543 1529 675 1624 longius
688 1529 804 1618 hoste,
822 1530 943 1605 locum.

145 1653 345 1747 Quantaque
362 1646 397 1717 in
413 1647 569 1738 Augusto
583 1643 774 1732 clementia,
794 1647 822 1718 si
838 1647 916 1746 quis
930 1648 972 1719 ab
989 1647 1048 1721 illo

192 1766 266 1836 Hoc
284 1775 410 1861 peteret
426 1786 489 1858 pro
503 1786 575 1847 me,
592 1759 731 1833 forsitan
747 1759 803 1835 ille
819 1762 919 1836 daret.

143 1873 275 1970 Frigida
291 1903 343 1948 me
360 1871 517 1945 cohibeat
533 1872 658 1946 Euxini
672 1871 770 1948 litora
785 1876 884 1948 Ponti
900 1904 908 1947 :

192 1991 311 2064 Dictus
329 1988 371 2060 ab
390 1986 538 2088 antiquis
554 1989 690 2063 Axenus
705 1989 760 2063 ille
778 1989 851 2064 luit.

142 2112 226 2183 Nam
243 2133 351 2206 neque
366 2105 531 2203 jactantur
546 2104 724 2193 moderatis
741 2132 871 2208 aequora
888 2106 1012 2194 rentis3

192 2226 261 2329 Nec
278 2221 426 2324 placidos
443 2239 561 2323 portus
577 2221 710 2324 hospita
728 2225 820 2298 navis
837 2224 914 2297 adit.

145 2342 232 2417 Sunt
250 2341 335 2422 circa
351 2357 481 2435 gentes,
500 2368 571 2439 quas
587 2339 728 2441 praedam
747 2341 903 2435 sanguine
921 2356 1086 2441 querant:

192 2458 261 2528 Nec
277 2457 387 2528 minus
404 2453 504 2526 inlida
522 2472 606 2526 terra
623 2455 756 2528 timetur
768 2483 862 2554 aqua.
1169 2479 1204 2531 60

145 2569 220 2658 llli,
238 2596 322 2669 quos
336 2569 431 2642 audis
447 2566 619 2642 hominum
634 2570 772 2666 gaudere
788 2599 919 2660 cruore,

195 2685 290 2757 Paene
307 2679 369 2755 sub
387 2679 531 2778 ejusdem
550 2682 664 2757 sideris
680 2713 737 2759 axe
751 2686 868 2783 jacent.

144 2853 217 2908 enim
235 2847 334 2918 rumpit
346 2845 454 2900 vulnera
467 2834 647 2911 ῐὲῑΐκίεηᾶο,
730 2850 769 2903 53.
786 2853 949 2920 Tantaque&
962 2853 1202 2920 Augusloclemcn-

146 2925 430 3002 quorummeationem
438 2924 528 2994 injicit.
540 2924 574 2979 ll.
696 2927 1202 2999 tia.—QuantaqaealterPolitiaui,etduo

178 3013 217 3078 43.
230 3006 443 3075 Sr'cabsar'tomae.
454 3004 649 3079 Odsur'tGryplr.
696 3007 748 3069 alii3
757 3007 824 3062 bene
833 3017 872 3061 :et
880 3009 936 3061 troc
941 3009 1062 3078 sequenti
1068 3026 1142 3062 versu
1153 3026 1202 3079 pro

146 3100 173 3142 et
184 3089 308 3142 Vincerat.
324 3095 350 3140 et
367 3095 478 3154 quatuor
487 3084 590 3153 seripti;
605 3087 650 3138 de·
696 3088 824 3138 Huceum
832 3085 1202 3155 mellentum-ranam

138 3162 554 3235 suitBerneasisetda031amen
566 3163 651 3232 abfuit
695 3168 723 3216 ia
733 3165 850 3232 Augusto
860 3174 901 3217 est
909 3167 1047 3218 clementor.
1057 3166 1098 3218 De
1111 3167 1202 3236 Augu·

147 3247 265 3299 Vatican.
696 3239 728 3294 sti
739 3241 876 3294 clementia
888 3240 967 3311 legito
978 3238 1168 3308 Tranquillum.

179 3326 219 3387 45.
235 3325 312 3388 quue
323 3324 395 3373 Deus
405 3325 488 3373 sentit.
500 3320 546 3372 Me
554 3319 649 3374 scilicet
729 3321 768 3372 58.
778 3322 830 3374 Nec
833 3322 950 3385 placidos
952 3328 1039 3385 portus
1046 3321 1146 3383 duspr'u
1153 3336 1200 3368 aa·

147 3399 221 3469 culpa
229 3415 324 3453 carere.
340 3396 429 3448 Deum
439 3407 542 3461 autem,
558 3399 649 3468 Augu·
695 3402 734 3450 ar's
744 3401 824 3451 habet.
836 3398 903 3449 Adel
911 3397 986 3465 prim.
998 3395 1080 3447 Vatic-
1089 3403 1116 3444 et
1124 3394 1199 3458 quin·

148 3475 529 3547 stamintelligit.lumen.Vita.
539 3480 649 3544 Opesde·
697 3495 747 3545 que
760 3477 800 3530 alii
813 3473 985 3544 castigatiores
993 3493 1000 3535 ς
1009 3469 1198 3523 bene:tresalii

147 3567 243 3611 tractas
259 3557 326 3606 mihi.
345 3551 418 3620 Opes
433 3550 497 3603 milri
515 3553 648 3608 ademtae:
691 3560 783 3621 puppis
793 3557 873 3607 tates
885 3553 921 3605 H.

148 3632 312 3690 eternalibus
322 3630 379 3684 tieri
391 3629 463 3682 solet.
729 3638 767 3704 59.
779 3634 948 3698 Quapraedam
954 3629 1200 3693 unguuemaemnt.

181 3715 220 3763 51.
230 3711 318 3762 Midias
325 3711 448 3766 exsilium,
452 3709 576 3774 pauloque
585 3713 649 3776 aare·
699 3712 817 3775 (tauram
826 3719 938 3777 quatuor
947 3715 1053 3757 veteres.
1065 3703 1102 3754 ll.

146 3799 210 3848 tr’res.
228 3807 278 3839 oro·
293 3787 359 3855 Opto
366 3785 498 3850 meliores,
510 3794 537 3836 et
540 3794 648 3851 propar-
726 3787 767 3839 62.
780 3787 853 3838 Paene
863 3785 1025 3852 subejudem
1032 3782 1140 3850 frigoris
1151 3803 1200 3837 exe

148 3874 221 3941 puras
232 3887 239 3918 t
251 3882 358 3933 sequen
369 3863 416 3916 sub
435 3861 516 3914 finem
532 3860 590 3914 libri
603 3865 646 3930 ll,
688 3864 785 3931 jaceat.
804 3865 899 3918 Ρτίπιε
920 3861 1046 3915 editiones
1067 3872 1094 3914 et
1112 3863 1198 3929 scripti

149 3938 647 4021 772«Tutiuaexsilium,paaloquequie-
694 3942 809 4010 quinque
817 3947 906 3995 siden's
915 3947 987 4010 ‘'5²¹0’'
1001 3938 1162 4008 Combianus
1170 3948 1198 3988 et

149 4026 200 4079 tius
215 4041 274 4085 oro;
290 4040 303 4065 a
319 4019 363 4071 ubi
378 4019 467 4071 Mr'tries
481 4027 507 4069 et
523 4028 579 4086 opto
592 4016 647 4088 pari
694 4016 748 4070 duo
762 4018 819 4085 alii,
839 4025 929 4074 sideris
944 4038 1008 4084 am
1021 4017 1090 4086 quod
1106 4031 1196 4067 veram

149 4103 230 4158 modo
241 4101 268 4155 in
279 4095 411 4154 nonnullis
421 4106 548 4150 veterum.
563 4096 598 4151 H.
694 4105 739 4150 est.
751 4097 849 4151 Herus.
