2722 4702
243 397 311 482 las
513 396 553 458 Ρ.
581 392 765 461 ov1n11
795 389 1031 459 nusoms

242 538 347 624 Nam,
367 558 470 634 quum
489 530 681 632 prestiteris
698 557 810 605 verum
828 529 912 604 mihi
926 557 1058 631 semper
1074 559 1238 622 amorem3

294 649 360 723 Hic
378 665 485 721 tamen
499 644 636 719 adverso
655 662 802 746 tempore
819 646 920 720 crevit
937 675 1037 720 amor.

246 767 382 864 Quique
400 780 473 836 tuas
489 760 613 861 pariter
627 759 787 861 lacrymas
802 777 996 861 nostrasque
1012 760 1159 852 videret,
1277 783 1307 836 25

295 881 459 953 Passuros
476 903 606 977 poeuam
625 875 770 950 crederet
787 905 857 951 esse
875 876 968 950 duos.

247 998 368 1069 Lenem
385 1011 417 1065 te
433 990 560 1065 miseris
578 990 693 1087 genuit
709 1010 842 1078 natura,
861 1018 922 1065 nec
937 987 997 1064 ulli

296 1111 417 1186 Mitius
432 1110 619 1204 ingenium,
636 1135 735 1208 mam
754 1108 835 1198 tibi,
854 1110 973 1195 Brute,
992 1107 1104 1183 dedit:

201 1244 203 1248 ’
249 1231 316 1312 Ut,
336 1225 393 1328 qui
411 1224 491 1326 quid
508 1224 614 1299 valeas
632 1226 762 1319 ignoret
777 1227 887 1298 Marte
898 1225 1039 1314 sorensi,

300 1345 403 1416 Posse
421 1358 479 1415 tuo
496 1342 610 1442 peragi
627 1341 680 1414 vix
696 1359 794 1442 putet
809 1370 867 1415 ore
884 1369 968 1415 reos.

252 1456 383 1531 Scilicet
400 1455 545 1553 ejusdem
561 1473 629 1544 est,
648 1455 794 1555 quamvis
811 1482 958 1554 pugnare
974 1453 1121 1542 ridetur,

301 1567 519 1669 supplicibus
533 1567 678 1655 facilem,
697 1568 853 1641 sontibus
870 1595 939 1641 esse
955 1584 1098 1653 trucem

252 1688 368 1782 Quum
385 1683 446 1755 tibi
462 1700 614 1781 suscepta
633 1700 684 1757 est
698 1681 781 1777 legis
794 1682 937 1757 vindicta
955 1712 1091 1772 severe,

300 1795 412 1868 Verba
428 1793 519 1867 velut
536 1794 676 1867 tinctum
695 1793 826 1890 singula
841 1796 932 1871 virus
949 1797 1083 1871 babent.

253 1911 422 1986 Hostibus
438 1911 583 1997 eveniat,
603 1937 702 2010 quam
720 1911 766 1984 sis
782 1909 949 1986 violentus
965 1912 1000 1985 in
1018 1911 1118 1987 arnus

304 2027 449 2114 Sentice,
466 2043 500 2100 et
516 2025 638 2122 lingue
656 2025 720 2100 tela
738 2026 851 2100 subire
870 2045 951 2113 tuae3

254 2146 339 2241 Quae
356 2145 420 2219 tibi
438 2162 504 2218 tam
523 2144 614 2218 tenui
633 2173 711 2218 cura
727 2142 902 2233 limantur,
921 2161 959 2217 ut
975 2172 1089 2218 omnes

304 2260 405 2334 lstins
423 2259 592 2354 ingenium
608 2259 760 2359 corporis
776 2287 844 2333 esse
860 2276 990 2353 negent.

256 2380 322 2462 At,
341 2378 369 2450 si
387 2404 485 2475 quem
501 2373 575 2449 laedi
590 2377 723 2450 fortuna
741 2377 848 2450 cernis
865 2376 999 2476 iniqua,

306 2489 446 2564 Mollior
461 2508 510 2563 est
528 2491 637 2564 auimo
657 2491 777 2564 femina
793 2489 883 2563 nulla
903 2508 972 2564 tuo.
1285 2511 1313 2576 t·

259 2611 335 2683 Hoc
353 2634 413 2701 ego
430 2607 594 2706 precipue
610 2606 716 2692 sensi,
733 2635 835 2705 quum
853 2634 971 2701 magua
988 2637 1134 2682 meorum

309 2718 468 2796 Notitiam
487 2749 561 2820 pars
578 2737 627 2792 est
644 2719 784 2793 inficiata
802 2723 876 2794 mei.

260 2843 438 2912 lmmemor
453 2834 603 2917 illorum,
622 2835 720 2908 vestri
738 2864 807 2908 nou
823 2837 994 2910 immemor
1011 2867 1172 2939 unquam,

312 2954 381 3050 Qui
396 2951 479 3026 mala
494 2949 629 3024 solliciti
646 2969 757 3023 nostra
772 2949 924 3055 levastis,
941 2980 1007 3024 ero.

296 3124 438 3197 anlpui,
450 3122 769 3190 quidvaleas‚1'5oorat.lsl
815 3142 868 3190 quo
886 3141 981 3190 magna
999 3134 1041 3176 est
1057 3125 1113 3178 laus
1134 3124 1232 3192 Rruti,
1253 3123 1315 3194 qnod

262 3207 308 3270 qui
321 3206 383 3269 quid
393 3204 482 3253 valeas
498 3204 594 3266 ignoret
608 3219 639 3250 ex
654 3199 767 3268 castiga-
818 3211 889 3252 tanta
901 3211 939 3253 est
952 3201 1008 3267 ejus
1020 3201 1191 3272 eloquentia,
1207 3214 1236 3257 ut
1246 3204 1272 3256 in
1282 3220 1316 3255 ac·

264 3280 379 3334 tionibus.
392 3280 492 3332 Htttrts.
816 3278 936 3332 curandis
952 3279 1002 3330 reis
1017 3281 1119 3352 singula
1134 3285 1216 3337 verba
1227 3285 1278 3337 sint
1288 3281 1316 3336 lt!

296 3358 336 3410 3⁰.
352 3358 535 3421 Posseperagi.
550 3352 626 3406 Posse
641 3354 768 3409 damnari.
818 3355 947 3421 efficacia,
958 3366 986 3408 ut
992 3355 1133 3412 videantur
1141 3360 1317 3415 venenoittio

264 3437 334 3487 Ileus
344 3435 415 3487 enirn
425 3432 614 3497 diciturpemgi
619 3472 625 3489 ,
636 3450 717 3500 quum
727 3432 769 3484 ali·
850 3434 890 3503 37.
899 3435 1164 3501 QuolibeantucQue
1172 3435 1223 3485 tela
1231 3454 1317 3492 acum

264 3514 338 3578 cujus
350 3510 498 3576 eloquentia
511 3507 658 3561 damnatur.
671 3535 703 3548 —
720 3512 771 3562 Vix
819 3522 862 3565 tur
877 3521 902 3563 et
917 3523 1089 3578 parantur.—
1100 3511 1161 3559 Tm
1172 3517 1252 3566 tenui
1260 3531 1317 3568 cm

261 3598 339 3649 putet.
351 3585 403 3635 Vix
414 3583 542 3635 existimet
553 3601 559 3633 :
571 3585 630 3649 quia
642 3583 731 3637 vident
744 3597 769 3638 te
820 3590 887 3642 Tam
898 3589 983 3641 subtili
997 3584 1134 3656 diligentia.
1145 3612 1180 3624 -
1194 3590 1235 3643 Ut
1244 3607 1317 3646 onus

266 3671 360 3712 natura
378 3661 469 3712 mitem
486 3668 512 3709 et
530 3658 601 3726 pium
621 3661 728 3713 miseris.
739 3689 771 3701 -·
818 3672 893 3719 istm
903 3671 1032 3731 aligerium.
1044 3663 1082 3715 Ut
1091 3678 1208 3733 omnes,
1225 3669 1316 3738 inquil,

272 3739 325 3788 Tuo
336 3758 383 3790 ore.
399 3741 457 3793 Tuo
469 3737 625 3808 eloquentia.
820 3744 978 3797 arbitrentur
985 3758 1037 3793 nou
1047 3737 1074 3791 id
1082 3738 1143 3793 lieri
1151 3752 1201 3796 tuo
1209 3763 1316 3814 corpore,

298 3818 338 3869 31.
350 3819 464 3883 Pugnare
476 3825 578 3873 vitietur.
597 3823 716 3873 Videntur
727 3840 770 3872 sex
820 3833 846 3876 et
856 3821 970 3874 humano
984 3819 1109 3887 iugenio,
1126 3821 1173 3874 sed
1190 3823 1285 3876 viribus
1296 3829 1318 3875 el

266 3892 371 3963 scripti,
388 3905 414 3946 et
428 3906 484 3947 turn
497 3896 554 3950 dele
566 3903 591 3951 ri
602 3908 642 3949 est
650 3915 709 3952 eum
722 3898 771 3949 tri·
820 3899 925 3971 ingenio
939 3899 1036 3952 divino.

268 3976 316 4028 bus
330 3971 406 4025 libris.
427 3971 479 4024 Sed
491 3992 552 4025 cum
565 3977 660 4029 uostris
670 3974 771 4028 codici·
852 3979 892 4044 44.
907 3984 957 4045 Qui
966 3981 1036 4029 mala
1044 3981 1152 4030 sollicite
1164 3985 1250 4030 Μῖνι
1260 3980 1317 4030 lm

266 4052 315 4104 bus
323 4053 428 4104 servare
443 4049 512 4118 prius
524 4051 610 4101 malui·
818 4060 861 4107 tis.
877 4057 989 4109 Solliciti
1001 4074 1060 4109 cum
1080 4055 1155 4110 Potio
1169 4064 1195 4106 et
1208 4055 1318 4122 quinque

301 4130 342 4195 34.
353 4131 455 4182 Haboni
461 4131 530 4181 vetut
535 4133 604 4182 virus
611 4132 722 4183 linctum.
734 4127 773 4181 Ex
819 4131 893 4198 aliis;
909 4137 1013 4186 bruttio
1022 4130 1156 4186 Barberin.
1172 4131 1316 4191 Praeterea.
