2722 4702
226 385 295 453 EX
318 385 505 455 PONTO
529 386 627 456 LIB.
653 390 682 456 I.
708 389 880 458 EPIST.
906 393 999 461 VII.

80 527 151 600 Nos
168 542 296 626 premat
311 543 369 600 aut
384 525 474 600 bello
491 525 607 613 tellus,
626 546 683 601 aut
696 529 819 624 frigore
838 529 969 619 caelum3

127 642 286 740 'l'ruxque
306 639 541 727 Getesarmis,
561 641 719 736 grandine
737 641 847 742 pulset
860 645 997 744 hyems:

76 756 150 831 Nos
167 756 286 830 babeat
302 757 414 852 regio,
432 784 492 829 nec
508 784 610 855 pomo
628 755 725 844 soeta,
743 785 803 830 uec
819 759 911 846 urim

129 872 175 944 Et
193 873 284 970 cujus
301 870 430 946 nullum
446 890 549 946 cesset
565 871 607 945 ab
624 872 718 945 hoste
734 870 829 945 latus.

74 986 205 1061 Caetera
223 987 267 1061 sit
283 1015 398 1089 sospes
416 985 580 1061 cultomm
599 986 694 1060 turba
710 1004 862 1075 tuorum;

129 1104 172 1175 ln
189 1102 332 1202 quibus,
347 1120 386 1175 ut
401 1099 546 1203 populo,
564 1128 641 1201 pars
656 1128 718 1196 ego
736 1130 836 1202 parva
852 1101 910 1176 fui.

74 1216 139 1290 Me
155 1216 330 1304 miserum,
350 1216 378 1290 si
397 1233 432 1290 tu
449 1215 558 1290 verbis
573 1215 752 1290 offenderis
770 1216 861 1304 istis;

128 1333 264 1432 Nosque
283 1359 383 1426 negas
399 1329 466 1405 ulla
483 1350 578 1433 parte
594 1330 695 1404 fuisse
712 1332 807 1403 tuos!

73 1445 185 1546 quue
200 1445 245 1518 sit
260 1463 299 1520 ut
314 1473 445 1532 verum,
462 1444 602 1518 mentito
619 1443 787 1539 ignoscere
804 1442 922 1517 debes:

126 1558 185 1634 Nil
201 1559 303 1633 demit
318 1559 407 1635 laudi
422 1559 527 1656 gioria
545 1577 661 1633 nostra
680 1575 752 1633 tuae.

73 1678 168 1777 Quis
185 1705 221 1751 sc
236 1678 420 1753 Cesaribus
437 1679 527 1752 notis
544 1705 614 1751 non
627 1675 724 1771 fingit
738 1674 902 1749 amicum?

127 1794 183 1866 Da
198 1793 323 1866 veniam
337 1793 444 1881 fasso,
462 1811 498 1867 tu
511 1791 593 1867 mihi
612 1792 721 1866 Caesar
737 1791 810 1865 eris.

69 1909 151 1984 Nec
167 1926 275 1981 tamen
289 1909 456 2009 irrumpo,
472 1941 539 2012 quo
556 1938 626 1983 uon
642 1908 719 1982 licet
736 1909 801 1996 ire;
817 1910 960 2010 satisque
976 1927 1047 2000 cst,

129 2024 227 2098 Atria
244 2023 272 2098 si
287 2022 386 2098 uobis
402 2052 468 2098 nou
486 2027 632 2127 patuisse
648 2053 759 2120 negas.

72 2142 195 2241 thue
215 2139 276 2212 tibi
293 2139 395 2212 suerit
410 2167 536 2214 mecum
551 2140 636 2214 nihil
654 2137 816 2239 amplius,
834 2166 903 2211 uno
1109 2158 1142 2208 25

128 2261 255 2358 Nempe
274 2255 447 2345 salutaris,
466 2284 564 2356 quam
579 2259 693 2358 prius,
712 2255 899 2328 oreminus.

77 2375 150 2451 Nec
168 2393 244 2449 tuus
262 2391 313 2448 est
329 2374 459 2469 genitor
475 2400 540 2445 uos
556 2371 717 2448 inficiatus
734 2368 870 2459 amicos,

128 2493 291 2566 Hortatur
309 2490 411 2565 studii
429 2515 594 2589 causaque
610 2487 730 2589 sasque
746 2486 828 2561 mei:

114 2667 153 2703 aa.
163 2648 592 2719 Grandiamffirtlynohlse!
634 2648 781 2719 termipti.
791 2646 931 2704 Distiehon
945 2647 1024 2700 etiam
1038 2645 1088 2698 hoc
1102 2655 1141 2699 est

85 2724 175 2780 tectius
185 2724 277 2779 decem
289 2725 377 2793 scripti
390 2743 396 2777 :
409 2724 445 2777 sic
454 2728 587 2778 verberate
635 2744 666 2781 ex
677 2727 763 2781 dubie
774 2725 835 2780 fidei
845 2725 961 2795 pluribus
969 2740 1060 2775 unum.
1071 2720 1140 2773 Η.-

82 2807 285 2870 {mdiueviaeae
293 2801 361 2870 apud
370 2802 521 2855 Horatium.
529 2803 566 2861 Η.
635 2804 709 2859 Notis
724 2804 843 2857 Vaticau.
856 2801 974 2856 Vossiau.
991 2812 1018 2854 et
1036 2800 1140 2870 Fragm.

116 2882 155 2933 13.
164 2883 303 2945 Necpomr's
307 2877 387 2943 seta,
398 2883 513 2931 recavis.
521 2878 586 2930 Sar·
634 2883 767 2937 Boxhorn.
785 2881 898 2941 Melius,
921 2898 1071 2948 quanquam
1089 2897 1139 2932 nec

82 2958 214 3015 favianus.
226 2957 334 3022 Argeas.
342 2974 380 3023 pr.
388 2953 486 3007 Medic.
496 2953 587 3007 Fen-b
634 2959 700 3013 mihi
713 2959 826 3012 muttum
838 2957 921 3025 placet
933 2956 1069 3010 distichon.
1099 2995 1101 2998 .

82 3033 213 3099 multique
224 3031 264 3082 alii
272 3069 279 3096 ,
287 3041 411 3097 pomoeet
419 3049 494 3084 versu
502 3032 590 3099 proxi-
670 3038 708 3088 23.
720 3037 770 3087 Nec
776 3044 859 3087 tamer
865 3040 979 3101 r'rncurpo.
988 3035 1043 3087 Nec
1051 3043 1142 3087 tamen

83 3132 146 3177 mo,
157 3119 238 3163 cesse!
249 3127 296 3176 pro
307 3119 391 3162 cessat
401 3107 527 3161 meliores.
541 3109 577 3162 H.
634 3111 696 3166 illuc
712 3110 824 3177 accedo,
843 3129 896 3178 quo
915 3130 969 3164 non
988 3111 1049 3164 licet
1067 3128 1073 3162 ε
1089 3109 1139 3164 hoc

118 3209 157 3258 17.
179 3188 265 3238 Verm
281 3191 345 3240 istis.
361 3184 466 3254 Quibus
480 3184 531 3238 dixi
545 3204 588 3239 me
635 3199 690 3254 eat,
705 3206 760 3240 nou
775 3197 800 3240 te
815 3186 899 3251 adeo,
913 3187 962 3239 uisi
977 3185 1141 3240 verecunde:

84 3265 147 3318 olim
164 3262 240 3314 suisne
260 3262 287 3314 in
307 3263 380 3315 turba
400 3272 507 3315 tuorum
527 3262 588 3316 cul-
635 3274 661 3318 te
673 3264 745 3318 euim
759 3263 878 3317 venerari
888 3262 967 3317 soleo.
976 3263 1067 3331 ltaque
1075 3261 1142 3315 nihil
1206 3324 1211 3332 ¹

84 3352 182 3397 torum.
634 3341 728 3397 fatiam
742 3350 767 3394 te
780 3340 870 3393 invito.

117 3442 154 3494 ro„
171 3423 253 3489 thue
263 3425 299 3473 sr't
309 3423 356 3474 hoc
366 3439 456 3475 turum.
467 3421 546 3488 quue
555 3423 592 3472 sr't
669 3424 708 3473 25.
719 3421 799 3487 thue
808 3417 948 3484 tr'br'jiten'l.
962 3415 1090 3485 Quamvis
1102 3417 1142 3471 ni-

22 3515 24 3518 ’
85 3498 455 3570 utoerumplerique;quidam
466 3498 592 3567 thuesr’t
635 3494 672 3549 bii
689 3495 799 3565 amplius
815 3493 953 3562 habueris,
970 3513 1049 3563 quam
1069 3496 1140 3566 quod

84 3581 114 3630 e'd
123 3597 212 3630 aerum.
224 3578 335 3644 Malim,
348 3579 401 3631 Sed
413 3583 450 3630 sr't
462 3579 530 3630 atr'd
540 3595 589 3630 ιν-
636 3577 701 3629 atria
718 3586 762 3628 tua
776 3574 1000 3644 frequentaverim
1014 3576 1144 3629 salutandi

85 3674 147 3706 rum.
158 3656 352 3710 lie-Mentire.
366 3654 447 3723 Quod
460 3673 502 3708 me
514 3665 589 3707 tuum
637 3652 844 3724 gratia-thue
857 3650 1092 3719 wihtluerittecum
1101 3659 1145 3707 ιη’·

85 3731 401 3797 esteroi-ipsifloeautem
409 3733 480 3799 dicit,
487 3751 520 3786 ue
528 3732 590 3786 ami·
635 3733 676 3784 hil
688 3732 804 3797 amplius.
822 3730 943 3784 Honesta
961 3730 1066 3785 locutio.
1079 3733 1142 3785 Ter.

85 3830 146 3869 eum
157 3807 285 3877 offendat,
295 3814 432 3867 timentem
442 3813 590 3880 Augustum
637 3810 722 3864 Andr.
735 3811 778 3876 ΙΙ,
794 3830 804 3862 1
815 3829 821 3864 ε
833 3833 846 3857 «
857 3811 931 3865 Num
942 3811 1084 3881 quidquam
1092 3825 1145 3862 am·

86 3889 191 3946 tedere.
509 3882 512 3887 ⁴
638 3886 705 3957 plius
714 3887 950 3956 ribicumittatuir‚
965 3883 1097 3942 Charine?
1107 3904 1120 3928 ι·

103 3986 158 4032 αα.
178 3965 268 4016 Glon'a
284 3970 377 4016 nostra.
392 3965 421 4018 si
435 3964 531 4034 glorior
546 3983 590 4019 me
669 3968 708 4020 26.
717 3968 804 4021 Hr'm
813 3987 864 4022 uuo
873 3967 1022 4022 orantium
1029 3978 1082 4015 uno
1094 3957 1143 4009 ho-

89 4041 221 4098 subscribi
235 4041 356 4094 amicum.
472 4062 481 4076 ¹
636 4043 848 4111 mine-Orant
856 4050 937 4112 prius.
953 4043 1043 4109 Quam
1059 4041 1143 4086 ⁸⁰¹⁶&

121 4144 158 4179 ar.
172 4126 263 4180 Notum
275 4142 324 4177 non
325 4125 407 4192 finffl'!
414 4127 527 4179 amicum.
539 4125 589 4182 No·
670 4126 709 4177 28.
728 4125 813 4179 Μὰ·
828 4138 953 4189 caesaque
965 4118 1064 4182 sasque
1087 4112 1142 4167 Μ’·
