2722 4702
142 258 187 345 ro
420 265 461 332 r.
489 264 665 338 ovrun
691 218 921 339 nasonis
995 219 1002 231 ’

190 404 242 476 Re
256 402 317 476 tibi
334 431 395 505 pro
411 403 484 490 vili,
504 404 567 478 sub
584 404 790 508 pedibusque
805 409 917 507 jacet?

143 517 237 616 Quid
252 516 334 604 fuit,
354 517 479 615 ingenti
495 538 697 619 prostratum
712 522 798 595 mole
813 521 959 599 sodalem

191 635 326 722 Visere,
343 653 375 709 et
392 635 538 738 adloquii
555 656 648 738 parte
667 638 771 712 levare
788 639 864 713 tui?

143 751 248 851 Inque
267 781 355 826 meos
371 754 399 826 si
415 781 482 826 nou
498 752 671 853 lacrymam
688 753 851 830 dimittere
869 784 981 846 casus,

192 867 300 941 Pauca
318 886 425 943 tamen
442 868 520 943 ficto
537 868 636 944 verba
653 869 769 944 dolore
788 871 907 972 queri?

143 980 269 1082 quue,
287 985 379 1084 quod
395 985 502 1082 ignoti
518 986 659 1075 iaciunt,
677 985 853 1063 valedicere
870 986 1002 1079 saltem,

191 1103 238 1173 Et
255 1129 367 1176 vocem
383 1102 500 1205 populi
517 1102 791 1205 publicaque'ora
808 1105 926 1206 sequi?

142 1211 293 1317 Denique
311 1214 470 1312 lugubres
487 1216 619 1305 vultus,
638 1246 874 1320 nunquamque
891 1219 1048 1294 videndos

192 1331 333 1405 Cernere
352 1361 525 1433 supremo,
546 1332 624 1404 dum
642 1332 821 1433 licuitque,
841 1332 920 1408 die?

142 1443 395 1544 Dicendumque
415 1443 513 1518 semel
530 1461 601 1518 toto
619 1473 686 1516 non
703 1444 845 1545 amplius
862 1474 931 1519 aevo

190 1560 371 1659 Accipere,
389 1577 422 1632 et
438 1559 534 1660 parili
551 1560 688 1633 reddere
705 1587 804 1644 voce,
823 1557 919 1631 vale?

142 1679 190 1751 At
205 1675 309 1749 secere
325 1673 380 1749 alii
398 1673 490 1748 nullo
507 1676 589 1748 mihi
605 1676 726 1750 foedere
743 1674 869 1773 juncti,

191 1792 237 1864 Et
251 1788 411 1891 lacrymas
429 1791 528 1866 anirni
548 1793 641 1888 sigua
659 1790 777 1865 dedere
795 1791 857 1865 sui.

94 2000 104 2012 ὓ
144 1903 261 2002 Quid?
275 1905 337 1978 nisi
356 1906 508 1978 convictu
523 1906 696 2007 causisque
712 1903 895 1979 valentibus
909 1932 1014 1980 essem

192 2020 366 2122 Temporis
384 2039 415 2096 et
433 2022 524 2118 longi
542 2023 671 2097 vinctus
687 2050 798 2097 amore
816 2022 903 2096 tibi?

143 2134 264 2234 Quid?
279 2137 342 2211 uisi
362 2156 413 2212 tot
429 2138 521 2214 lusus
538 2157 572 2215 et
588 2158 638 2214 tot
655 2169 725 2214 ntea
743 2141 825 2214 seria
842 2169 978 2228 nosses,

192 2256 261 2330 Tot
277 2286 408 2331 nossem
426 2258 519 2332 lusus
534 2259 685 2360 seriaque
702 2258 773 2358 ipse
791 2259 871 2331 tua?

144 2371 262 2469 Quid?
278 2374 307 2446 si
324 2374 484 2449 duntaxat
500 2377 614 2449 Rornae
632 2374 714 2446 milri
732 2373 885 2468 cognitus
900 2397 1007 2456 esses,

193 2485 352 2560 Adscitus
369 2489 469 2562 toties
485 2488 520 2557 in
538 2515 641 2582 genus
658 2511 755 2557 omne
771 2482 862 2555 loci?

148 2600 316 2674 Cunctane
331 2602 364 2674 in
382 2627 552 2700 aequoreos
569 2598 721 2674 abierunt
737 2597 828 2670 irrita
844 2597 983 2669 ventos?

196 2717 365 2791 Cunctane
380 2713 521 2790 terhate
536 2741 640 2788 mersa
657 2713 809 2788 seruntur
826 2711 951 2813 aquis?

146 2830 225 2904 Non
242 2859 303 2926 ego
323 2848 354 2902 te
370 2827 497 2929 placida
514 2827 660 2925 genitum
677 2854 754 2902 reor
771 2827 853 2901 urbe
867 2827 1022 2924 Quirini,

146 2999 235 3055 «lttud
242 2999 501 3070 amicitiaquondaru
507 3000 654 3055 venerabile
703 3000 770 3055 salve
783 3012 809 3054 et
821 3000 877 3054 vale
884 2999 1055 3054 conclamare.
1068 2999 1210 3055 Βηθω-

121 3136 124 3141 .
147 3097 248 3132 numen
263 3079 383 3144 prostat,
401 3089 429 3132 et
438 3079 464 3131 in
479 3088 578 3148 questu
588 3117 595 3143 ,
607 3094 656 3146 pro
703 3081 920 3145 Publicaqueora.
935 3098 1069 3132 sermones
1081 3078 1210 3132 omniurn.

147 3158 296 3222 meretrice,
309 3155 394 3220 sedet;
411 3180 423 3203 ν
437 3157 474 3211 sic
486 3167 513 3210 et
524 3157 559 3208 ibi
571 3167 656 3208 veter·
737 3159 778 3209 30.
788 3159 897 3210 Iunctus
906 3177 997 3211 amore.
1011 3157 1084 3210 Beue
1096 3169 1148 3226 opt.
1158 3159 1211 3211 Pa·

148 3235 230 3290 rimus
241 3238 321 3289 codex
333 3237 510 3292 Sarrarianus.
525 3237 623 3289 ttrrns.
704 3235 746 3290 lat.
757 3248 783 3290 et
792 3257 859 3289 unus
868 3235 1002 3289 Mediceus
1010 3242 1108 3288 aritretus
1117 3253 1207 3296 amore,

183 3314 657 3381 17.Ingenamtepmsrratam.AEru-
704 3334 767 3368 uam
772 3315 870 3382 ferdere
878 3315 1052 3384 Juactr'paolo
1066 3325 1126 3367 ante
1142 3333 1211 3382 prae-

148 3392 217 3446 mnis
240 3410 398 3460 oppressum.
424 3393 582 3445 calamitatis
603 3410 656 3446 sure
704 3404 822 3457 cesserat,
836 3394 935 3445 Hares.

149 3468 359 3540 magnitudinem
369 3479 443 3523 vocat
455 3470 590 3538 ingentem
600 3490 657 3524 mo·
737 3473 777 3535 34.
794 3473 917 3523 Adscnus
928 3475 1002 3522 toties
1012 3473 1039 3520 ir
1049 3486 1128 3534 μω
1139 3485 1211 3518 omne

147 3545 200 3600 lem
209 3566 314 3615 ,aqua,
328 3546 397 3601 velut
406 3548 481 3600 ruina
492 3567 600 3617 magna,
613 3567 656 3617 on
697 3549 763 3616 joci,
770 3548 837 3616 Lege
844 3552 906 3607 Ioci,
915 3565 974 3599 cum
984 3545 1070 3598 multis
1076 3556 1210 3609 veterum

148 3644 251 3696 pressus
263 3626 303 3678 sit.
705 3625 737 3678 de
749 3625 813 3692 jocis
821 3625 986 3692 etseriisjam
998 3634 1057 3676 aute
1070 3632 1165 3691 egerat.

174 3703 656 3774 rq.bacryoraesdim1'!tere.lacrymarae
738 3704 777 3756 35.
789 3704 819 3755 Ia
829 3721 953 3770 equoreas
969 3712 1060 3755 certos.
1074 3703 1105 3752 Iu
1114 3703 1212 3753 ‘Eolr'os

150 3780 289 3844 meliores,
309 3791 339 3833 ut
358 3783 451 3850 panim
472 3780 531 3832 alibi
544 3781 655 3845 Noster3
705 3780 899 3849 Rotteudorph.
916 3799 963 3849 pro
978 3779 1077 3831 diversa
1090 3777 1211 3833 lectione.

149 3869 176 3913 et
187 3877 247 3911 mox
259 3863 331 3926 queri
342 3876 389 3927 pro
401 3861 470 3926 loqur*
479 3856 656 3927 Gottorphia-
737 3858 777 3926 37.
790 3860 899 3910 Placido
909 3861 968 3910 urbe
981 3860 1088 3922 (tur'rirr'.
1099 3856 1212 3909 Romam

149 3955 208 3990 uus.
222 3936 323 3990 lletns.
705 3935 870 4005 designat,in
879 3936 1213 4004 qualroruiuesnonsaevos,

180 4033 220 4069 aa.
237 4015 274 4068 Er
287 4031 370 4068 vocent
381 4016 476 4081 populi.
494 4012 657 4084 Supremam
704 4012 750 4072 aed
762 4014 854 4076 mites,
869 4014 940 4070 narei
951 4013 1039 4070 solitos
1050 4014 1144 4068 innuit
