2722 4702
230 248 259 303 ‘'s'
283 290 289 302 .

79 278 92 293 .-
127 334 249 450 erl

409 337 451 403 r.
481 281 666 405 orrum
686 276 922 405 nasonis
962 360 968 371 ‚
1000 330 1003 337 ·

60 500 63 507 '
143 474 267 558 Pulsus
281 475 445 553 Aristides
463 475 569 577 patria
582 470 814 550 lacedemona
828 474 937 571 sugit3

189 599 283 670 luter
299 622 380 695 quas
397 591 552 678 dubium,
570 619 643 690 quae
657 590 753 692 prior
766 609 870 678 esset,
887 606 977 665 erat:

40 768 42 773 -
145 712 241 788 Caede
259 737 343 812 puer
356 709 442 782 lacta
457 705 633 781 Patroclus
649 707 786 808 Opunta
802 706 955 808 reliquit,

68 839 71 845 '
191 825 464 925 Thessaliamque
482 822 583 910 adiit,
601 822 725 924 hospes
739 823 898 912 Achillis,
915 823 1078 900 humum:

62 984 67 997 ·
126 922 249 1021 'Exsul
265 942 308 1016 ab
326 938 499 1015 Haemonia
514 937 666 1011 Pirenida
683 939 782 1013 cessit
796 938 837 1012 ad
854 938 993 1026 undam,
1175 964 1208 1036 75

194 1060 274 1157 Quo
291 1057 374 1132 duce
391 1055 482 1130 trabs
499 1052 641 1128 Colchas
655 1083 745 1128 sacra
761 1054 904 1129 cucurrit
920 1082 1045 1156 aquas:

145 1178 259 1278 Liqait
273 1170 477 1269 Agenorides
493 1169 629 1245 Sidonia
645 1172 765 1245 moenia
778 1172 939 1261 Cadmus,

194 1295 336 1367 Poneret
352 1307 391 1363 ut
407 1316 521 1362 muros
534 1287 569 1360 in
585 1285 720 1361 meliore
737 1287 837 1361 loco:

31 1475 35 1485 .
145 1408 247 1482 Venit
260 1405 300 1479 ad
318 1403 497 1477 Adrastum
513 1402 658 1502 Tydeus,
677 1402 847 1503 Calydone
862 1401 1015 1498 fugatus;

194 1524 240 1595 Et
254 1523 419 1595 Teucrum
434 1519 556 1592 Veneri
574 1536 667 1614 grata
683 1520 806 1620 recepit
818 1519 950 1593 humus.
1173 1541 1210 1594 80

143 1676 236 1746 sepius
246 1672 383 1744 fugitased
397 1671 482 1741 primo
495 1671 577 1741 Aegos
590 1690 651 1742 per-

143 1753 233 1817 venit,
248 1762 278 1803 ut
289 1749 388 1804 dictum
400 1757 447 1801 est.

178 1851 216 1899 7¹·
232 1831 327 1882 Pulsus
338 1826 467 1879 Aristides
473 1830 569 1891 patriis.
584 1824 652 1878 Ari-

143 1905 233 1971 stides,
245 1901 466 1976 Lysimachifrlius
474 1901 651 1967 Atheniensis,

142 1984 248 2052 aequalis
272 1982 329 2034 sere
347 1978 540 2046 Themistocli,
564 1980 652 2048 itaque

144 2080 206 2117 eum
219 2059 297 2114 code
310 2058 456 2128 principatu
468 2056 613 2112 contendit.

179 2160 219 2212 pa.
238 2143 299 2207 Qua
314 2145 386 2206 prior
402 2145 477 2191 esset.
496 2136 566 2206 Quae
587 2147 654 2192 esset

145 2219 257 2289 clarior,
269 2219 405 2291 patrisne,
419 2234 453 2268 au
464 2213 539 2268 sedes
551 2214 596 2269 ubi
609 2235 653 2269 ex·

146 2297 274 2355 aulabant

183 2375 222 2444 73.
245 2373 317 2424 Cale
328 2368 484 2434 puerfircta.
505 2367 652 2432 Patroclus,

700 1673 779 1728 Trist.
787 1673 830 1728 lib.
838 1675 876 1741 V,
884 1673 924 1729 El.
932 1688 989 1738 vn,
999 1671 1047 1735 353
1058 1689 1123 1725 narn
1136 1690 1210 1727 unus

700 1751 798 1806 Medic„
808 1762 836 1805 et
844 1752 928 1821 prima
935 1750 1014 1804 editio
1024 1768 1032 1802 a
1042 1769 1056 1796 a
1066 1749 1132 1819 Quo
1139 1749 1209 1805 duee

701 1827 1048 1898 ColchiacasArgocucurrit
1054 1845 1161 1896 aquas.»
1170 1829 1209 1882 H.

700 1908 796 1972 -Quo
806 1908 876 1959 duce.
885 1906 1115 1959 hone-Tmo
1126 1924 1210 1959 suem.

701 1985 789 2055 Argo,
802 1984 875 2037 navis
888 1982 986 2037 Palladi
998 1986 1210 2038 sacrata-Col-

699 2063 762 2113 chas
781 2077 869 2127 aquas.
890 2060 944 2113 Per
960 2076 1057 2128 aquam
1075 2056 1209 2112 Colchidis

699 2136 1050 2207 regionislutelligitautem
1058 2154 1132 2189 mare
1139 2136 1209 2190 Pon·

700 2215 798 2280 ticum,
811 2214 881 2285 quod
893 2212 1004 2267 Colchos
1013 2213 1103 2267 adluit.

735 2312 773 2362 77.
781 2293 1030 2361 Lr'qur'mgenon'des.
1040 2292 1210 2360 Agenor,rex

701 2371 855 2435 Phorieia,
865 2370 938 2438 jussit
946 2368 1081 2423 Cadmum
1090 2387 1210 2439 querere

147 2449 270 2505 Menoetii
283 2445 367 2511 filius,
386 2454 419 2498 et
431 2444 536 2497 Artoria
553 2462 652 2511 nepos,
699 2467 816 2503 sororem
828 2448 979 2517 Europam,
995 2447 1052 2517 lege
1064 2446 1162 2520 impia,
1179 2457 1210 2500 ut

135 2543 231 2597 *quum
249 2524 277 2575 in
294 2521 404 2589 Opunte
422 2516 520 2587 opptto
538 2519 654 2572 Locridis
701 2544 756 2578 non
773 2533 965 2590 reverteretur,
981 2525 1031 2578 nisi
1042 2542 1074 2578 ea
1085 2525 1210 2579 inventa:

147 2604 251 2659 luderet
274 2598 424 2668 astragalis,
447 2612 509 2650 cum
530 2597 654 2666 Aphida-
701 2600 913 2676 qmdiulrustra
927 2603 1052 2670 quulta,
1065 2603 1137 2657 exsul
1149 2601 1211 2656 Ca-

148 2681 245 2734 mantis
255 2678 308 2732 filio
322 2674 485 2745 Clisonymo,
495 2672 564 2740 (vel,
572 2682 603 2726 ut
611 2670 655 2724 alii
701 2681 777 2734 amu,
788 2677 815 2731 in
824 2680 950 2734 Boeofiam
959 2679 1041 2746 venir,
1050 2679 1213 2737 num„

148 2761 257 2825 volunt,
273 2755 364 2820 Eane)
382 2754 462 2805 iratus
475 2752 508 2803 ob
518 2752 654 2821 subreptos
702 2760 841 2816 edificasse
854 2762 965 2827 dicitur;
981 2763 1047 2816 utin
1057 2762 1118 2816 Met
1128 2757 1212 2816 docet

149 2833 359 2906 astragalus,eurn
368 2829 655 2894 interemit,etiuThes·
701 2840 819 2896 ovidius,
829 2871 863 2882 -
875 2843 979 2895 mom
990 2848 1087 2895 mr„
1100 2839 1210 2894 Urbem

78 2912 82 2925 '
148 2916 237 2970 saliam
246 2911 363 2981 wulussll
376 2909 409 2962 td
418 2910 655 2975 Pdeme-07⁸⁸·
702 2918 843 2974 Phoeuicioe
855 2918 970 2986 Sidona,
984 2939 998 2972 a
1011 2920 1118 2989 piscium
1128 2917 1210 2972 uber·

148 3005 176 3049 ta
186 2999 292 3062 reliquit.
304 2992 343 3044 Ex
356 2989 475 3059 Opuntia
488 2990 551 3043 urbe
564 2989 655 3042 Locri·
701 3006 753 3050 tate
766 2996 802 3050 sic
813 2996 909 3052 dictam
923 3018 929 3051 :
942 3016 1004 3050 nam
1017 2999 1114 3067 piscem
1128 2995 1210 3051 Pho-

150 3075 188 3127 dis
200 3082 293 3125 uatum
303 3088 356 3122 esse
367 3069 533 3133 Patroclum,
548 3077 655 3121 testatur
701 3074 772 3127 uices
784 3076 861 3128 Sidou
873 3086 973 3129 vocant.

150 3155 229 3207 etiarn
241 3153 382 3205 Homerus.
411 3160 415 3168 '
736 3153 773 3218 78.
792 3154 829 3204 Ut
838 3163 940 3220 poneret
953 3172 1042 3205 muros.
1057 3154 1098 3206 Ut
1114 3153 1209 3208 urbem

183 3233 220 3296 74.
236 3230 399 3280 Thessaliam.
405 3226 507 3279 Urbem
517 3222 655 3277 Thessaliae
702 3227 855 3282 Thebanam
871 3231 1004 3284 conderet.
1016 3258 1049 3271 -
1062 3233 1093 3284 In
1108 3238 1211 3288 melion

152 3306 291 3367 Phthiam,
304 3306 415 3372 patriam
428 3302 542 3357 Achillis.
701 3310 765 3359 Ioco.
779 3307 809 3359 ln
823 3308 875 3375 ipsa
889 3308 996 3360 Boeotia.

184 3387 222 3447 75.
234 3383 321 3433 Em!
329 3384 362 3430 ab
374 3383 514 3432 Ilaemoniu.
532 3377 593 3430 Mos
604 3375 655 3430 fuir
736 3404 775 3455 79.
798 3386 872 3436 Mi!
888 3387 926 3434 ad
940 3386 1077 3436 Adrastum
1097 3385 1208 3451 Tydeus.

152 3455 221 3522 apud
241 3456 381 3524 antiquos,
401 3466 431 3507 nt
447 3470 506 3506 reus
522 3452 655 3507 homicidii
702 3460 825 3531 Tydeus,
839 3459 920 3511 OEnei
933 3478 1013 3527 quum
1024 3459 1051 3509 in
1065 3456 1207 3529 Calydone

150 3531 283 3585 exsularet
298 3532 330 3583 ln
345 3548 437 3597 regum
454 3540 541 3582 tamen
557 3529 655 3599 legibus
702 3537 857 3591 Alcathoum
871 3535 1080 3608 Lycotheumque
1093 3546 1208 3605 nepotes

150 3611 247 3665 lectum
257 3620 310 3676 est,
322 3610 413 3663 noxios
422 3608 553 3661 homicidii
569 3610 654 3662 arietis
702 3617 833 3672 occidisset
841 3655 848 3682 ‚
857 3635 887 3670 er
896 3614 989 3675 AEtolia
998 3613 1082 3682 Argos
1089 3615 1207 3688 aufugit:

150 3689 249 3743 damno
261 3704 367 3757 poenam
379 3685 459 3740 luere·
467 3715 500 3728 ···
508 3689 554 3740 Ad
561 3691 654 3740 mm
702 3697 742 3749 cui
753 3695 877 3747 Adrastus
885 3692 996 3762 henigne
1003 3705 1134 3764 suscepto,
1144 3715 1205 3766 qno·

150 3765 323 3821 mentuunt
331 3762 495 3819 Corinthiam
505 3765 653 3819 urbem.De
702 3770 1082 3842 damresponsomotus,filiam
1091 3773 1205 3847 Deiphy·

153 3844 283 3900 Corintho
294 3844 372 3913 legito
382 3845 466 3899 Strab.
477 3845 604 3899 lih.Vlll.
702 3849 745 3902 len
762 3868 870 3903 uxorem
882 3848 962 3904 dedit.
974 3879 1007 3891 -
1020 3853 1158 3924 Calydone.
1169 3851 1207 3905 Er

185 3925 223 3994 76.
243 3927 298 3991 Quo
308 3927 370 3976 duce
382 3928 451 3975 trabs
469 3926 564 3976 Colcha
578 3942 655 3977 surra
703 3927 917 4000 Calydone-urhe
928 3928 1080 3983 Aitolia·
1090 3934 1166 3983 Venit
1173 3931 1211 3980 ad

151 4007 260 4058 cucurrit
264 4022 337 4071 aqum
342 4000 448 4069 Opinor
455 3999 586 4052 Nasonem
593 4002 655 4054 seri·
703 4008 857 4072 Adrastum,
870 4006 963 4078 Eurip.
974 4006 1026 4061 lab.
1039 4011 1061 4062 8.

152 4084 229 4152 psiase
240 4085 346 4137 Colcha
356 4099 451 4151 aquas,
463 4088 492 4131 ut
500 4078 553 4146 jani
562 4078 669 4139 monui.
734 4082 774 4134 8ο.
788 4070 826 4133 lt
839 4083 965 4138 Tenemur.
975 4085 1037 4137 Post
1052 4083 1133 4135 finem
1145 4077 1206 4132 belli
