2722 4702
237 353 302 420 238
512 349 551 412 P.
583 347 765 415 OVIDII
794 345 1024 417 NASONIS

286 491 400 588 thue
417 504 505 560 earet
522 504 638 587 portu,
659 488 705 561 sic
722 506 828 562 tamen
846 507 951 562 exstat
966 488 1071 589 aquis.
1157 520 1161 525 ⁴

237 610 307 681 Nec
325 605 442 690 vitam,
460 631 519 676 nec
536 631 633 704 opes,
653 631 711 676 uec
725 604 778 702 jus
795 604 873 676 mihi
892 605 971 677 civis
989 606 1128 695 ademit3
1271 631 1299 682 ιε

288 720 371 816 Quae
387 720 491 793 merui
507 718 588 791 vitiu
605 719 741 819 pemiere
755 737 873 792 cuncta
890 748 984 792 meo:

239 838 303 911 sed
320 837 396 937 quia
412 853 548 937 peccatu
564 834 693 909 facinus
704 864 772 908 uon
789 834 895 908 adsuit
912 832 978 920 illi,

285 951 341 1023 Nil
360 950 423 1022 nisi
440 979 492 1024 me
509 949 625 1049 patriis
641 949 738 1047 jussit
757 950 870 1022 abesse
888 947 982 1019 sacis.

239 1070 353 1167 thue
368 1065 458 1153 aliis,
478 1091 648 1138 numerum
668 1093 808 1164 quorum
828 1061 1058 1162 comprendere
1074 1090 1142 1134 uon
1158 1079 1226 1150 est,

290 1182 474 1254 Caesareum
488 1207 627 1279 numen,
646 1176 692 1251 sic
709 1177 811 1263 mihi,
829 1177 907 1260 mite
924 1174 996 1248 fuit.
1271 1212 1305 1248 πο

238 1295 314 1394 lpse
331 1291 484 1386 relegati,
503 1320 572 1365 nou
590 1288 731 1378 exsulis,
750 1290 856 1363 utitur
870 1289 904 1361 in
919 1315 972 1361 me

288 1408 430 1483 Nomine
445 1440 452 1480 ε
468 1426 538 1481 tuta
555 1437 615 1481 suo
629 1407 737 1506 judice
756 1436 849 1479 causa
868 1435 937 1478 mea
957 1422 1015 1478 est.

237 1531 318 1601 Jure
336 1526 438 1620 igitur
454 1523 588 1609 laudes,
607 1526 729 1610 Caesar,
748 1552 810 1623 pru
827 1541 919 1623 parte
935 1521 1022 1595 virili

288 1642 439 1718 Carmina
455 1660 569 1716 nostra
587 1660 661 1715 tuas
677 1639 916 1742 qualiacunque
934 1655 1075 1713 canunt:

237 1763 318 1833 Jure
334 1761 440 1845 Deos,
459 1774 497 1830 ut
514 1756 619 1830 adhuc
637 1754 705 1830 caeli
726 1756 787 1829 tibi
804 1754 914 1827 iimina
932 1753 1102 1841 claudant,
1269 1772 1304 1828 25

285 1876 399 1974 Teque
416 1872 516 1946 velint
531 1872 602 1945 siue
619 1900 653 1947 se
672 1900 861 1972 comprecor
880 1898 948 1946 esse
961 1872 1079 1945 Deum.

239 1993 345 2095 Optat
361 1990 447 2064 idem
464 1987 610 2090 populus
626 2019 634 2062 ε
649 1987 706 2064 sed
725 2005 763 2062 ut
780 1987 814 2061 iu
832 2017 918 2063 mare
935 1987 1067 2063 flumina
1083 2006 1229 2076 vastum,

287 2107 341 2180 Sic
359 2105 444 2181 solet
461 2105 584 2201 exigua
600 2130 728 2179 currere
745 2105 834 2178 rivus
850 2132 950 2205 aquae.

239 2227 286 2300 At
302 2244 337 2298 tu
354 2225 539 2310 fortunam,
559 2223 651 2322 cujus
668 2250 769 2295 vocor
785 2221 875 2296 exsui
892 2221 933 2294 ab
951 2249 1025 2308 ore,

287 2341 428 2414 Nomine
444 2338 592 2413 mendaci
610 2365 705 2437 parce
723 2365 852 2432 gravare
869 2365 983 2410 meam.
1268 2357 1300 2408 30

241 2522 296 2555 nou
321 2501 485 2567 submergar.
502 2500 659 2553 Submemus
673 2499 745 2553 suis-
826 2503 864 2552 25.
878 2503 998 2554 celsata·
1005 2502 1101 2552 liiniua.
1113 2501 1150 2552 U!
1160 2504 1217 2555 celi
1229 2504 1302 2556 Im'·

241 2598 296 2634 sem
307 2619 314 2644 ,
326 2577 347 2631 si
363 2597 405 2630 me
419 2575 600 2629 interemisset.
614 2577 643 2628 P.
792 2597 826 2630 aa
841 2577 913 2646 prior
927 2576 1017 2635 tectim
1030 2575 1130 2644 poetica
1142 2576 1300 2647 periphrasis

277 2660 314 2710 15.
327 2659 380 2709 Nec
383 2655 432 2722 jus
439 2656 504 2706 ma'bc‘
509 2659 572 2706 cli't's
580 2659 680 2707 ademit.
692 2658 745 2709 Nec
792 2674 840 2724 pro
850 2655 912 2707 caeio
920 2695 927 2722 ‚
935 2653 999 2719 sieut
1009 2657 1106 2705 lamma
1115 2657 1177 2706 solis
1187 2675 1237 2722 pro
1244 2656 1300 2709 soie
1308 2684 1326 2725 ,ν
1334 2646 1349 2675 ¹

243 2740 341 2790 ademi!
352 2752 429 2802 posse
448 2738 545 2791 meni.
571 2751 652 2794 unus;
673 2733 744 2800 quod
793 2731 861 2801 apud
882 2732 983 2787 Lueret.
1002 2731 1145 2783 imitatione
1166 2716 1311 2801 Honesti*

242 2814 334 2869 sumsit
351 2812 469 2866 librarius
480 2831 510 2865 ex
523 2809 566 2863 tib.
581 2810 595 2864 l
613 2830 645 2865 ex
657 2811 745 2867 Ponto
794 2808 862 2880 apud
875 2827 952 2879 quem
959 2807 1038 2862 simili
1045 2806 1202 2864 circuieonis
1211 2806 1300 2878 figure

241 2894 347 2960 v11‚47.
794 2880 1298 2960 foissiriinsstoepissimeiegitur.Bm!-

278 2971 316 3024 ιδ.
331 2973 384 3038 Qui
395 2972 478 3022 merui.
494 2967 600 3021 Rectius
616 2970 676 3035 Quo
687 2968 746 3024 iibri
795 2969 834 3023 tu
842 2967 1031 3040 edidisGryph.
1041 2980 1068 3023 et
1077 2968 1117 3023 aiii
1127 2989 1133 3027 ;
1143 2967 1189 3020 sed
1200 2968 1297 3037 inepte.

243 3059 370 3118 quatuor:
381 3049 460 3113 Quam
472 3044 664 3114 primpalatiu.
677 3045 746 3098 H.-
827 3049 865 3101 26.
890 3051 971 3116 reque
987 3052 1073 3101 velim.
1092 3048 1121 3103 ld
1140 3059 1196 3113 est,
1215 3046 1297 3100 veiint

247 3129 315 3180 Wte'o
326 3145 385 3178 meo.
399 3124 463 3177 Meo
472 3123 569 3175 emere.
794 3145 848 3180 esse
863 3137 887 3179 te
902 3126 989 3179 Deum
1001 3128 1146 3180 uobiscum.

277 3223 313 3270 ¹7·
325 3204 434 3256 Facinus
443 3221 492 3253 nou
499 3199 585 3266 aeisui!
594 3202 679 3251 ellan.
687 3200 743 3261 Illi,
827 3225 864 3274 ²7·
873 3205 925 3256 Sed
927 3215 957 3256 u!
962 3212 988 3256 iu
998 3208 1185 3274 marefinmiim.
1194 3202 1252 3256 Hoc
1260 3200 1295 3254 (ii-

244 3291 339 3332 oetoex
347 3280 506 3334 melioribus.
515 3279 551 3331 H.
793 3283 827 3337 eit
840 3301 846 3334 :
858 3282 897 3335 tu
916 3301 997 3349 mee,
1011 3296 1039 3336 ut
1059 3283 1145 3353 popuii
1162 3301 1251 3349 preces
1263 3279 1297 3333 ad

279 3377 319 3408 20.
330 3358 463 3423 Mitefue't.
480 3359 555 3409 Venit
565 3356 710 3422 Hamburg.
793 3357 864 3411 Deos
882 3362 1053 3426 perveniunt,
1071 3356 1296 3428 quemadmodum

277 3452 316 3483 22.
336 3435 459 3484 Tutaest.
473 3433 532 3484 Nou
552 3442 635 3499 potest
651 3432 744 3500 perire.
792 3445 819 3487 ot
840 3453 917 3502 parva
931 3435 1042 3489 flumina
1056 3454 1125 3488 mare
1145 3433 1179 3483 ita
1197 3430 1296 3498 ingre-

244 3512 292 3563 Sao
299 3514 394 3577 judice.
407 3510 524 3576 Augusto
535 3509 628 3575 judice.
638 3513 663 3565 Is
672 3510 744 3562 enim
793 3512 918 3575 dinatus,
929 3524 956 3566 ut
970 3533 1068 3586 magna.
1084 3512 1160 3564 Mau.

243 3590 366 3660 judicavit
377 3607 420 3642 me
428 3607 483 3641 uon
493 3587 615 3654 exsulem,
624 3588 668 3641 sed
680 3589 745 3641 reie-
825 3591 864 3643 30.
877 3593 981 3645 Nemeac
993 3592 1111 3646 mendaci
1128 3587 1205 3642 Falso
1217 3605 1223 3639 :
1239 3606 1291 3641 nou

244 3666 744 3737 gatumtquoepoenemaliiorerat.Itittt.
793 3668 1019 3723 enimsumexsut.
1032 3670 1059 3723 P.

640 3887 874 3912 ᾧ
