2722 4702
271 349 338 414 EX
361 347 545 414 PONTO
568 349 668 416 LIB.
694 352 775 416 111.
801 353 967 421 EPIST.
996 358 1065 424 lx.
1140 359 1204 444 415

187 488 381 581 Corrigere‚
400 505 432 560 et
448 486 541 584 longi
557 491 639 565 serre
657 489 781 566 laboris
796 521 888 566 onus.
1176 540 1209 574 αι»

140 605 347 680 Scribentem
362 605 455 703 juvat
469 605 540 704 ipse
554 608 665 693 favor,
686 608 872 708 minuitque
891 608 1060 700 laborem,

190 721 344 818 Cumque
362 749 423 793 suu
442 747 589 796 crescens
604 741 738 823 pectore
753 723 856 797 fervet
874 753 968 826 opus.

142 837 314 931 Corrigcre
333 853 366 907 at
381 864 434 909 res
451 854 501 910 est
518 855 611 911 tanto
629 842 736 936 magis
752 841 871 930 ardua,
891 862 1016 943 quanto

190 952 335 1044 Magnus
351 949 546 1023 Aristarcho
561 953 666 1050 major
683 957 849 1029 Homerus
867 975 947 1031 erat.

144 1064 199 1136 Sic
217 1064 360 1136 animum
375 1060 465 1137 lento
483 1093 634 1139 curarum
651 1067 774 1162 frigore
791 1067 900 1158 laedir,

192 1183 239 1253 Ut
256 1180 367 1281 cupidi
383 1209 500 1254 cursor
516 1183 615 1256 sraena
631 1201 773 1258 retentat
788 1185 876 1285 equi.
921 1195 925 1201 '

144 1299 254 1396 Atque
273 1297 319 1369 ita
334 1297 379 1369 Di
397 1297 493 1372 mites
509 1297 660 1370 minuant
676 1299 758 1372 mihi
777 1299 916 1374 Caesaris
932 1301 1030 1389 iram,

194 1413 344 1513 Ossaque
361 1430 475 1512 pacata
493 1432 606 1486 nostra
624 1431 778 1509 tegantur
791 1415 913 1500 humo;

145 1526 193 1598 Ut
208 1527 307 1613 mihi,
324 1528 457 1602 conanti
473 1557 715 1630 nonnunquam
733 1529 901 1604 intendere
919 1560 1031 1618 curas,

192 1645 344 1717 Fortunae
360 1645 484 1744 species
503 1645 617 1717 obstat
634 1644 751 1717 acerba
768 1672 856 1717 meae.
1175 1675 1207 1724 30

146 1762 278 1860 Vixque
293 1761 375 1832 mihi
391 1761 519 1849 videor,
538 1761 652 1835 faciam
670 1761 760 1861 quod
779 1763 944 1849 carmina,
963 1791 1077 1849 sanus,

194 1880 301 1976 Inque
318 1876 394 1948 feris
411 1905 520 1951 curem
538 1878 703 1972 corrigere
719 1876 776 1950 itta
797 1877 906 1951 Getis:

148 1992 202 2066 Nil
221 2011 329 2065 tamen
344 2019 361 2064 e
379 1992 511 2091 scriptis
526 1993 631 2089 magis
647 1992 834 2067 excusabile
852 1995 993 2082 nostris,

197 2109 307 2204 Quam
326 2135 442 2182 sensus
460 2109 586 2181 cunctis
601 2139 694 2209 paene
709 2108 801 2210 quod
818 2137 905 2182 unus
922 2109 1017 2183 inest.

147 2226 235 2298 Laeta
253 2227 319 2298 sere
337 2224 432 2297 laetus
449 2222 550 2296 cecini
566 2253 574 2310 ;
593 2253 673 2297 cano
693 2224 800 2298 tristia
817 2224 943 2297 tristis:
1180 2251 1211 2300 35

196 2340 403 2414 Conveniens
421 2337 514 2440 operi
532 2355 662 2438 tempus
677 2357 855 2439 utrumque
872 2367 934 2412 suo
954 2356 1012 2413 est.

148 2455 260 2551 Quid,
279 2456 343 2528 nisi
362 2455 402 2528 de
419 2454 499 2528 vitio
518 2453 659 2529 scribam
675 2455 820 2550 regionis
832 2455 972 2528 amare?

196 2572 306 2672 thue
324 2570 396 2646 solo
412 2573 535 2645 moriar
551 2571 792 2658 commodiore,
809 2573 946 2672 precer?

148 2687 261 2783 Quum
279 2688 377 2759 toties
398 2686 508 2759 eadem
525 2686 647 2772 dicam,
664 2685 717 2758 vix
731 2687 848 2759 audior
866 2683 923 2757 ulli
940 2716 948 2771 ;

148 2850 1211 2922 ωὼψωωωὼΜ-Μψηωωώηῶε

147 2926 292 2981 candirnea
306 2927 435 2979 calamitas
447 2925 532 2992 fregit.
704 2930 862 2998 scriptorum
882 2929 1029 2983 alienorum
1046 2950 1165 2984 censores
1185 2944 1212 2985 et

181 3021 221 3055 ao.
242 3005 313 3054 Onus
321 3006 392 3070 louge·
400 3007 503 3055 laboris.
516 3001 654 3056 Difficilius
703 3005 803 3075 judices
811 3005 951 3074 proverbio
962 3006 1104 3060 Aristarchi
1118 3007 1212 3077 adpel-

150 3078 1130 3152 “mewwfflmmmmmmfflk

149 3177 316 3229 componere.
737 3161 1213 3232 25.Se'caurinumlentocurarumsre'go

181 3259 222 3290 αι.
244 3241 393 3291 scribentem
408 3237 487 3302 jurat
501 3239 556 3301 r'pre
569 3232 653 3300 servor.
703 3256 729 3289 er
741 3239 816 3288 ludet.
826 3235 922 3288 Deesse
933 3237 1150 3306 aliquidvidetur,
1162 3260 1213 3310 quo

150 3314 202 3368 Atii
214 3318 291 3367 labor.
307 3314 384 3367 Hoete
396 3317 482 3376 calon
499 3312 611 3367 horest.
626 3323 655 3365 ut
705 3316 835 3369 referatur
843 3319 924 3376 ladit,
935 3315 983 3367 nisi
994 3321 1021 3369 τί
1026 3325 1212 3385 corrigeremur

147 3389 1213 3465 Hfflflmfflmmemmwfflmmm

149 3482 224 3540 petus
237 3470 279 3522 itte
293 3487 372 3525 sacer.
387 3469 429 3532 qui
447 3478 536 3521 vatum
550 3477 655 3537 pectora
704 3479 763 3533 rat,
774 3472 866 3527 ledor,
886 3478 913 3520 ut
926 3478 992 3520 esset
1003 3471 1157 3538 grecismus.

149 3552 239 3604 nutrit.
251 3573 263 3597 a
272 3550 325 3605 Sed
335 3547 373 3601 nit
383 3548 546 3602 mutandum.
554 3546 654 3600 Eadem
737 3550 778 3601 33.
797 3551 844 3600 Nil
854 3559 938 3601 tamen
948 3561 989 3603 est
997 3556 1105 3620 scriptis.
1115 3556 1142 3606 F,
1148 3563 1213 3609 scri-

149 3627 252 3695 ntegra,
266 3628 618 3687 Excitataedr‘torstude'rmr
629 3638 655 3679 et
699 3631 755 3694 ptis
764 3645 824 3679 eum
835 3625 910 3696 Frag.
926 3626 1022 3679 Lovan.
1031 3638 1057 3680 et
1065 3648 1119 3702 uno
1134 3632 1212 3685 Vati-

151 3721 208 3770 quae
225 3719 380 3773 sequuntur.
391 3706 427 3758 H.
703 3721 786 3766 reno,
805 3702 846 3755 vel
863 3711 891 3756 e‘u
910 3710 1011 3772 scriptis
1023 3725 1083 3761 rum
1102 3708 1213 3764 Gottor-

186 3782 224 3845 ²⁴-
239 3783 393 3835 Aristarcho.
406 3781 517 3834 Homeri
530 3780 655 3847 interpre-
704 3776 809 3845 phiano.
822 3779 858 3830 H.
871 3779 943 3832 Nost.
961 3780 1059 3838 habent
1070 3788 1211 3851 mscn'prn.

154 3866 188 3909 te.
200 3855 262 3907 Fuit
274 3856 436 3910 Aristarchus
446 3867 559 3935 oqtrmus
569 3874 655 3923 gram·
736 3857 776 3920 34.
788 3860 1111 3924 (luemqumnussensns.
1121 3862 1210 3926 Quam

151 3932 264 3985 matirus
275 3932 471 3985 Alexandrinus.
480 3932 599 3984 AEtianus
607 3943 656 3985 tn·
705 3933 776 4000 quod
788 3952 840 3985 una
851 3945 877 3987 et
887 3935 980 3989 eadem
993 3937 1121 3992 sententia
1134 3936 1212 3989 tristis

152 4010 1211 4079 &mmmmmmmfflsswmoehwmmm

154 4089 208 4155 cio,
224 4099 253 4140 ut
266 4087 377 4141 Homeri
387 4104 476 4139 versus
483 4105 538 4139 non
550 4097 656 4157 putare-
707 4089 791 4159 Quasi
802 4091 870 4146 inest
881 4092 1003 4145 omnihus
1017 4091 1082 4142 meis
1092 4092 1192 4158 seriptis
1206 4113 1212 4143 :
