2722 4702
262 360 331 431 nx
354 357 531 427 rouro
553 359 652 426 ma.
678 357 747 425 ιν.
771 354 938 426 amsa.
963 356 1077 424 vm.
1133 354 1182 440 qr

426 683 738 769 EPISTOLA
775 681 910 766 VIII.

528 1052 547 1085 *
573 1043 817 1116 SUILLIO.

494 1400 849 1463 ARGUMENTUII.

145 1556 252 1610 Mortuo
262 1553 400 1624 Augusto,
415 1563 445 1606 ut
459 1553 583 1622 diximus,
597 1554 666 1608 hanc
674 1552 817 1624 Epistolam
828 1551 908 1605 mittit
922 1549 1034 1605 Ovidius
1042 1549 1075 1604 ad
1085 1549 1207 1605 Suillium

176 1640 262 1693 uxoris
274 1657 327 1692 sue
337 1657 464 1708 generum
474 1677 482 1704 ,
493 1638 597 1709 agitque
607 1639 630 1692 ei
643 1638 737 1708 gratias
750 1655 798 1708 pro
814 1637 871 1704 eius
886 1635 1002 1704 Epistola
1015 1634 1046 1688 ad
1060 1654 1088 1688 se
1099 1635 1208 1704 scripta:

178 1740 275 1792 quam,
289 1718 337 1773 etsi
349 1739 408 1778 sero
422 1719 564 1790 perlatam,
577 1720 747 1790 gratissimam
761 1729 848 1771 tamen
860 1717 938 1771 luisse
951 1716 1021 1770 dicit.
1035 1717 1208 1771 Postmodum

180 1822 244 1857 eum
258 1812 349 1871 rogat,
361 1813 390 1855 ut
403 1802 590 1858 Germanicum
603 1803 736 1871 juniorem
747 1801 795 1855 sibi
806 1799 971 1854 reconciliet:
983 1799 1170 1870 polliceturque
1183 1821 1209 1854 se

179 1886 208 1937 in
227 1884 306 1952 hujus
318 1884 357 1937 rei
371 1886 479 1953 gratiam
491 1905 545 1940 non
560 1896 712 1940 erecturum
728 1886 753 1938 ei
767 1885 862 1953 templa
875 1883 907 1936 de
920 1902 1069 1946 marmore,
1089 1882 1133 1938 sed
1147 1902 1210 1938 car-

180 1970 253 2022 mine
261 1968 457 2037 complexurum
465 1972 521 2040 ejus
533 1970 623 2025 laudes
635 1995 641 2022 ι
654 1969 820 2037 ostenditque
831 1967 896 2020 nihil
906 1987 960 2021 esse
969 1987 1042 2037 posse
1052 1969 1210 2039 principibus

181 2055 279 2124 aptius,
292 2072 371 2122 quam
386 2055 501 2107 carmine
515 2054 662 2108 officiosum
676 2075 703 2108 se
716 2063 845 2123 prestare.
864 2052 889 2103 Τ
891 2072 934 2104 um
947 2064 1038 2106 nactus
1051 2056 1211 2108 occasionem

182 2150 274 2209 poeta,
290 2135 414 2191 carminis
425 2135 602 2189 excellentiam
612 2137 711 2191 extollit
723 2155 729 2188 :
740 2146 911 2205 precaturque
928 2146 957 2189 ut
966 2136 1014 2189 sibi
1025 2138 1141 2189 carmina
1152 2156 1210 2206 pro·

180 2224 241 2276 sint.
261 2221 295 2274 Et
311 2219 332 2272 si
349 2237 404 2271 nou
417 2218 496 2287 possit
511 2218 626 2273 reditum
639 2221 665 2273 in
681 2220 791 2290 patriam
806 2219 940 2284 obtinere,
960 2219 1052 2273 saltem
1070 2221 1129 2274 urbi
1143 2241 1210 2290 pro-

181 2303 303 2373 pinquius
322 2299 458 2378 exsilium,
478 2318 531 2368 quo
550 2301 630 2368 possit
649 2300 758 2355 Caesaris
775 2310 845 2369 gesta
867 2300 1029 2370 intelligere,
1048 2312 1075 2355 et
1095 2303 1211 2354 carmine

180 2388 322 2442 celebrare.

151 2540 324 2643 thssttl
342 2596 413 2642 sera
429 2569 581 2669 quidem,
599 2569 720 2644 studiis
734 2570 861 2645 exculte
876 2572 993 2661 Suilli,

198 2686 272 2760 Huc
293 2704 348 2759 tua
366 2687 531 2785 pervenit,
551 2685 608 2758 sed
621 2686 701 2758 mihi
718 2706 810 2782 grata
829 2706 958 2761 tamen:

150 2805 244 2901 Qua,
264 2805 318 2902 pia
337 2804 364 2875 si
381 2803 487 2902 possit
504 2801 649 2902 Superos
666 2801 767 2877 lenire
784 2806 933 2900 rogando

201 2919 332 3002 Gratia,
349 2915 493 2989 laturum
512 2933 542 2988 te
560 2917 643 2989 mihi
662 2917 742 2993 dicis
759 2948 866 3020 opem.

153 3037 201 3107 Ut
213 3035 280 3133 jam
296 3033 344 3105 nil
359 3051 512 3135 praestes,
531 3033 631 3106 animi
648 3064 720 3108 snm
739 3035 845 3112 lactus
860 3038 956 3111 amici
1198 3060 1213 3112 ⁵

202 3150 345 3224 Debitor
358 3180 366 3238 ;
385 3167 418 3222 et
433 3148 606 3237 meritum,
620 3149 703 3223 velle
716 3152 844 3249 juvare,
867 3184 958 3227 voco.

193 3332 212 3370 ἦ
232 3331 354 3385 Suttuo.
374 3332 426 3385 Hic
445 3330 501 3383 siue
522 3329 603 3383 dubio
621 3342 660 3386 est
709 3323 815 3376 N‘ffln‘·
828 3323 952 3390 nudem,
970 3322 1041 3391 ‘lumi
1054 3324 1214 3392 Pffll0‘0n·

153 3410 184 3462 P.
196 3407 317 3473 Suillius,
335 3408 395 3476 qui,
416 3417 530 3477 quaestor
544 3405 658 3474 primum
709 3399 801 3454 ductus
820 3420 948 3455 accusasse
960 3400 1172 3472 insimularetur,
1188 3417 1216 3459 et

154 3486 264 3540 Caesaris
276 3484 441 3550 Germanici,
455 3486 553 3554 legatus
566 3482 661 3537 deinde
710 3478 857 3546 complures
865 3477 979 3548 adegisse
987 3478 1018 3531 ad
1028 3491 1141 3535 mortem
1152 3484 1218 3550 ,se-

140 3576 142 3581 ’
153 3582 200 3631 pro
208 3571 336 3632 questore
348 3562 373 3612 in
383 3563 441 3615 Asia
452 3601 459 3628 ,
474 3561 597 3629 deinceps
606 3572 663 3629 post
711 3572 783 3609 ΜΦ
796 3556 907 3625 impulsu
927 3556 983 3627 lege
996 3556 1091 3616 Cincin
1107 3559 1217 3615 ‹lamna-

154 3659 284 3693 ercessum
298 3637 463 3705 Germanici,
477 3638 661 3693 convictusac·
712 3644 770 3700 lus,
786 3645 812 3688 et
826 3636 853 3688 in
867 3635 988 3690 Baleares
1005 3636 1156 3707 deportatus
1172 3649 1216 3693 est.
1277 3640 1280 3645 '

155 3715 249 3780 cepisse
257 3715 371 3783 pretium
379 3714 412 3767 ob
421 3735 477 3768 rem
485 3713 661 3784 judicandam,
713 3714 782 3767 Rem
791 3735 899 3769 ornnem
907 3717 1008 3785 copiose
1021 3732 1171 3787 persecutus
1179 3727 1217 3771 est

157 3787 230 3840 ltalia
244 3790 330 3857 pulsus
345 3803 422 3858 atque
436 3791 549 3860 ejectus,
563 3790 663 3845 Tiberii
712 3792 835 3860 Tacitus,
846 3793 889 3847 lib.
901 3795 951 3860 IV,
963 3810 1008 3863 xt,
1022 3807 1047 3850 et
1059 3798 1137 3853 XIII.

157 3884 219 3917 mox
236 3866 321 3919 edicto
339 3869 467 3938 relegatus
484 3869 511 3921 in
533 3867 662 3935 insulam,
747 3891 767 3923 r.
780 3873 1018 3930 ExsultaEaeculla
1029 3874 1121 3929 Servii.

158 3961 242 4011 eoque
266 3954 372 3997 mortuo
395 3964 534 4013 reversus,
561 3944 664 4000 Claudii
746 3947 1217 4022 sllucuastscquoquents.Bers.

160 4019 270 4074 cesaris
289 4020 396 4073 demum
415 4024 526 4077 amicitia
543 4042 571 4077 ac
585 4022 663 4077 fami·
746 4026 768 4077 3.
780 4027 956 4096 dl'pr'agratr'a.
967 4029 996 4080 Si
1005 4043 1079 4079 aanor
1089 4033 1148 4076 tuus
1156 4040 1217 4091 erga

158 4098 267 4152 liaritate
281 4097 327 4152 diu
341 4097 452 4153 feliciter
468 4112 507 4156 est
522 4121 589 4156 usus.
608 4102 664 4157 sul
713 4121 756 4155 me
762 4101 1152 4173 pius-Possellenr'reduperos.
1159 4100 1219 4153 I‘os-
