2722 4702
318 374 385 439 EX
409 372 587 440 PONTO
610 374 706 440 LIB.
732 375 762 438 Ι.
789 370 954 441 EPIST.
981 376 1033 441 ΙΙ.

817 221 834 254 Q

1143 374 1203 441 261

188 516 235 587 Et
249 511 366 587 similis
382 512 482 586 morti
498 530 631 612 pectora
651 530 767 612 torpor
781 511 893 586 habet.
1172 536 1206 587 30

142 629 281 705 Felicem
297 629 449 714 Nioben,
470 629 618 730 quamvis
634 645 684 700 tot
700 629 814 700 lunera
829 627 928 716 vidit,

191 746 277 842 Quae
292 744 407 845 posuit
424 772 576 832 sensum,
595 772 690 817 saxea
703 743 805 832 sacta,
819 743 915 817 mali!

144 863 216 938 Vos
236 887 370 961 quoque
384 858 509 946 felices,
530 888 668 959 quarum
687 858 858 932 clamantia
874 857 1006 931 fratrem

190 974 323 1049 Cortice
339 974 457 1048 velavit
472 974 618 1075 populus
636 1002 693 1046 ora
708 1002 807 1048 novo.

144 1090 203 1166 Ille
223 1121 284 1188 ego
300 1121 388 1179 sum,
409 1092 536 1186 lignum
555 1090 698 1190 quinon
717 1090 870 1162 admittar
886 1087 920 1160 iu
938 1086 1060 1161 ullum:
1176 1112 1209 1164 3⁵

193 1204 253 1279 Ille
271 1235 331 1300 ego
346 1234 435 1293 sum,
455 1206 577 1278 frustra
594 1205 650 1305 qui
671 1203 754 1303 lapis
769 1230 839 1276 esse
852 1200 966 1274 velim.

147 1322 219 1420 lpsa
238 1321 376 1396 Medusa
394 1320 501 1395 oculis
519 1321 628 1392 ueniat
642 1317 720 1392 lieet
734 1317 830 1391 obvia
845 1317 989 1402 nostris,

188 1435 331 1509 Amittat
346 1436 429 1508 vires
444 1436 518 1535 ipsa
535 1433 676 1507 Medusa
693 1460 779 1507 suas.

146 1548 306 1638 Vivimus,
326 1568 366 1623 ut
381 1578 478 1625 seusu
493 1578 663 1650 uunquam
681 1575 847 1621 careamus
864 1573 974 1619 amaro
988 1575 997 1634 ς

190 1666 236 1739 Et
254 1667 386 1761 gravior
401 1667 498 1762 longa
516 1665 554 1738 fit
568 1694 639 1740 mea
656 1693 754 1764 poena
771 1648 874 1737 mora.

145 1781 195 1854 Sic
214 1783 458 1854 inconsumtum
475 1784 581 1883 Tityi,
599 1806 793 1882 semperque
810 1806 997 1869 renascens,

190 1900 271 1968 Non
288 1897 394 1994 perit,
410 1915 448 1969 ut
464 1899 569 1997 possit
583 1926 669 1999 saepe
685 1898 810 2000 perire,
826 1898 927 1995 jecur.
990 1958 994 1965 ,

176 2090 332 2143 desalutari
340 2090 532 2144 MedeaNiobe
542 2092 591 2146 titia
598 2094 649 2148 luit

146 2168 249 2222 Tantali
261 2178 289 2221 et
302 2168 441 2239 Taygeta,
456 2188 569 2238 uxorque
585 2174 650 2224 Arn-

144 2247 251 2316 pltionis.
262 2247 341 2314 Quae,
351 2258 376 2299 et
386 2247 476 2300 orbata
486 2246 541 2298 viro
550 2259 575 2300 et
583 2249 649 2316 liliis,

695 2094 794 2147 nauus.
815 2091 850 2144 H.
862 2119 895 2131 -
907 2095 938 2143 Iu
953 2095 1031 2143 ullam
1049 2095 1152 2161 ligram.
1168 2084 1203 2149 [ri

696 2171 776 2223 ullam
789 2169 918 2221 arborem.
1104 2166 1131 2205 -Λ

728 2249 820 2301 sollte
827 2243 1114 2315 effoeto-Nequidquam
1123 2247 1201 2301 etiam

144 2326 208 2394 apud
218 2345 297 2378 urnas
307 2345 400 2378 eorum
413 2327 439 2377 in
453 2324 567 2393 lapidem
579 2345 651 2380 verra
695 2327 772 2395 cupio
780 2326 806 2378 in
816 2324 929 2394 lapidem
936 2323 1048 2390 mutari,
1057 2324 1186 2378 utNiobe.

144 2403 253 2473 diriguit.
268 2405 359 2474 Legite
369 2405 449 2459 Ovid.
459 2405 486 2456 in
499 2404 566 2457 Met.
576 2403 592 2455 l.
604 2405 651 2458 Vl.

145 2485 294 2547 -Quamar's
301 2480 435 2548 tellurem
440 2486 511 2536 oadal.
519 2482 650 2552 Quamvis

145 2558 236 2611 viderit
246 2570 283 2613 tot
293 2559 359 2612 lilios
369 2570 494 2627 mortuos.

728 2408 768 2474 37.
784 2407 845 2471 Ipsa
860 2395 972 2467 hdie&
980 2406 1070 2459 oculis.
1086 2401 1202 2456 Phorcus

697 2502 727 2535 ex
741 2482 828 2538 (letho
844 2485 956 2557 eouilqe
972 2492 1024 2536 tres
1037 2482 1126 2536 habuit
1139 2482 1203 2536 titia,

696 2563 795 2616 erimiae
813 2558 1027 2633 pnltltritudinis,
1045 2562 1200 2636 Euryadem,

173 2637 212 2689 32.
228 2636 502 2706 Qaaemultirrm,
512 2634 651 2709 φυκία·
694 2641 887 2710 athenionem,
902 2654 930 2697 et
944 2643 1091 2697 Medusam.
1111 2644 1132 2694 F
1133 2643 1203 2695 abu-

144 2720 202 2780 θη
222 2718 306 2773 ntis.
327 2719 399 2769 Matr·
417 2718 601 2770 Putaueorum
620 2725 649 2769 et

143 2789 238 2848 Mureti
246 2794 415 2860 exemplaria,
423 2812 498 2856 vere,
509 2793 587 2848 Trist.
595 2794 647 2859 tV,

143 2869 215 2942 Eleg.
225 2889 271 2935 rr,
287 2892 317 2921 aa
329 2889 335 2920 ι
345 2892 358 2914 κ
372 2870 503 2938 Mensque
514 2871 575 2924 mali
586 2891 647 2923 sen·

142 2969 200 3002 turn
212 2959 302 3001 nostra
312 2949 421 3000 recentis
431 2949 528 3009 habet;
541 2969 555 2994 r
570 2949 647 3002 Pont.

143 3026 193 3090 1V,
209 3026 281 3093 Eleg.
300 3024 345 3076 ult.
363 3028 394 3076 50
410 3044 417 3077 ι
431 3048 442 3069 ¹«
462 3024 647 3078 tantummodo

144 3103 195 3154 vita
208 3101 295 3153 relicta
309 3111 359 3167 est,
373 3099 491 3155 Praebeat
504 3112 532 3154 ut
541 3121 647 3156 sensum

143 3179 333 3249 materiamque
348 3182 407 3234 rnali
418 3203 425 3244 ;
437 3203 449 3227 u
461 3180 496 3234 ita
508 3181 567 3235 libri
577 3192 648 3236 rete·

143 3275 191 3309 res.
202 3256 303 3309 Herus.

173 3336 213 3389 33.
231 3339 283 3388 Vas
295 3336 492 3404 quoquestlae'ces.
508 3333 645 3401 Heliades,

143 3412 233 3481 idest,
251 3415 320 3469 Solis
335 3415 415 3482 filiae,
433 3435 535 3469 sorores
554 3414 647 3469 Phae-

141 3491 237 3547 thontia
246 3493 308 3548 dicit
320 3514 326 3547 ε
336 3513 394 3564 quae
404 3533 411 3559 ,
423 3495 538 3549 fraterna
551 3493 647 3546 lunera

141 3568 209 3636 juxta
222 3572 369 3627 Eridanum
382 3572 562 3642 deplorantes,
581 3589 646 3624 cou-

142 3665 219 3699 versae
231 3650 354 3705 dicuntur
369 3651 397 3702 in
411 3651 500 3715 alnos,
518 3660 548 3702 ut
565 3647 646 3703 voluit

142 3724 227 3777 Maro.
241 3729 452 3789 proclamantia,
463 3728 646 3797 legatarum

141 3799 233 3856 Barth.
246 3803 321 3856 Vinc.
331 3827 362 3858 ex
373 3806 491 3878 Gryphio
502 3845 509 3871 ,
524 3817 552 3858 ut
562 3805 644 3870 solet3

141 3880 213 3934 idern
226 3879 329 3933 Sarrae.
341 3883 459 3951 Fragm.;
473 3884 548 3938 male·
559 3885 644 3940 Fran-

143 3963 192 4016 tius
207 3961 311 4012 volebat
323 3964 492 4030 lacrymantia.

173 4042 212 4093 35.
222 4042 332 4106 Qur'aon
339 4042 462 4092 admittor.
471 4043 599 4094 Admittat
603 4060 645 4095 se-

147 4119 247 4185 quentia
260 4116 415 4186 requirunt;
429 4126 503 4188 atque
514 4120 549 4174 ita
557 4119 645 4175 Sarra·

694 2718 747 2775 lam
759 2721 841 2777 refert
853 2721 981 2787 Ovidius,
996 2722 1062 2775 Met.
1075 2721 1116 2774 lib.
1130 2720 1179 2773 IV.

728 2800 768 2852 38.
781 2803 888 2854 Amrltet
897 2819 960 2852 suas
972 2804 1045 2850 eires.
1062 2798 1133 2866 Quia
1147 2817 1203 2852 non

695 2876 806 2930 mutabit
819 2896 860 2928 me
874 2877 901 2927 iu
914 2894 979 2927 saxa.

728 2955 877 3024 SqArnaro.
892 2954 981 3018 Im'qaa
989 2951 1110 3005 Politian.
1121 2962 1202 3005 utter-

698 3053 729 3102 pe
743 3031 782 3083 lire
793 3049 868 3083 voces
879 3041 1053 3083 commutatae.

728 3111 768 3173 4⁰·
786 3110 824 3161 sit
835 3126 890 3157 mea
898 3126 982 3172 pana.
998 3110 1041 3159 bit
1055 3105 1124 3158 idern
1139 3107 1203 3159 Sar·

695 3185 816 3238 ravianus
834 3183 927 3250 aliique
945 3182 1066 3234 nonnulli
1081 3202 1087 3234 ε
1102 3194 1128 3236 et
1140 3204 1201 3237 rnox

694 3263 808 3315 Amr'tta!
824 3279 872 3329 pro
890 3261 999 3311 Amlllet
1013 3260 1135 3314 Politiaui
1154 3282 1199 3317 ex-

694 3351 781 3410 cerpta
792 3351 818 3392 et
830 3357 898 3391 unus
907 3338 1054 3391 Vaticanus.
1066 3341 1102 3393 Η.

727 3420 767 3483 dr.
785 3420 827 3471 Sr'c
839 3422 1020 3469 inconsummata
1040 3420 1065 3469 T
1062 3424 1114 3489 ayt.
1127 3419 1200 3493 Tityi

693 3495 812 3563 exemplo
823 3494 899 3548 docet
908 3513 984 3547 suum
998 3495 1115 3550 dolorem
1128 3519 1199 3551 sem·
1267 3531 1269 3539 .

693 3595 740 3644 per
753 3575 861 3629 renasci.
877 3576 929 3628 Hic
946 3577 1041 3628 amavit
1054 3577 1197 3643 Latonam;

693 3654 894 3722 propterquod,
904 3654 1031 3723 Apollinis
1044 3656 1098 3707 telis
1112 3656 1198 3709 conti·

692 3750 758 3797 xus,
776 3742 803 3785 et
819 3730 865 3785 hac
880 3751 956 3800 poena
973 3731 1111 3786 damnatus
1128 3733 1196 3800 apud

692 3809 790 3863 inleroa
805 3809 937 3873 adsumtum
952 3813 1008 3878 ejus
1024 3813 1098 3878 jecur
1110 3811 1197 3861 vultur

692 3887 785 3941 exedit.
793 3916 824 3930 -·
834 3889 985 3960 Illyr'jecar.
993 3888 1033 3940 De
1042 3907 1094 3955 quo
1103 3887 1196 3956 Virgil.

694 3966 743 4031 vl,
753 3970 801 4037 595
810 3986 816 4020 :
826 3989 839 4012 α
847 3967 903 4019 Ner.
911 3985 965 4018 non
973 3966 1113 4034 etTityon,
1123 3973 1199 4020 terra

692 4043 881 4111 omniparentis
897 4043 1034 4095 alumnum
1050 4079 1057 4105 ,
1079 4040 1196 4098 Cernere

692 4130 815 4191 eratzper
824 4130 878 4175 tota
887 4136 984 4172 norem
992 4118 1033 4171 cui
1042 4118 1196 4189 jugeracor·
