2722 4702
152 299 214 384 124
411 305 464 385 ¹u.
493 302 927 380 0v1u11NAsottls

143 442 228 515 Nam
243 436 306 515 tibi
322 470 397 516 cum
414 442 491 518 fatis
505 473 613 519 mores
631 462 749 520 natura
762 449 922 549 pudicos,

193 559 239 629 Et
255 585 344 632 raras
363 559 478 646 dotes,
497 559 727 663 ingeniumque
743 563 842 639 dedit.

144 674 221 746 Hoc
240 702 301 771 ego
320 676 495 771 Pegasidas
512 677 631 750 deduxi
647 679 774 779 primus
791 682 831 753 ad
850 682 970 771 undas,

193 788 243 860 Ne
261 787 343 862 male
360 789 506 863 secunda
521 819 601 865 vena
618 791 740 890 periret
757 823 866 895 aquae:

145 903 278 978 Primus
297 905 331 977 id
350 900 484 1008 adspexi
502 907 622 982 teneris
640 909 675 983 in
692 911 828 1006 virginis
843 912 955 1001 aunis,

198 1025 311 1122 thue
330 1042 438 1124 patet,
455 1053 544 1098 venae
561 1024 694 1126 duxque
711 1054 885 1130 comesque
899 1028 956 1102 sui.

146 1141 255 1236 Ergo,
273 1142 302 1215 si
317 1162 487 1217 remanent
503 1144 595 1239 ignes
612 1145 675 1218 tibi
690 1149 834 1247 pectoris
853 1146 961 1234 idem,
1005 1169 1009 1175 '

195 1255 273 1331 Sola
290 1275 382 1332 tuum
400 1276 490 1332 vates
506 1259 627 1335 Lesbia
642 1262 749 1337 vincet
768 1292 863 1364 opus.

147 1371 213 1447 Sed
230 1402 361 1462 vereor,
377 1402 419 1447 ne
438 1391 469 1447 te
483 1400 555 1447 mea
569 1404 658 1449 nunc
673 1377 809 1450 fortuna
824 1377 987 1464 retardet,

195 1491 343 1590 Postque
360 1517 452 1563 meos
468 1518 562 1564 casus
579 1491 623 1564 sit
639 1490 701 1563 tibi
720 1510 835 1592 pectus
852 1494 948 1566 iners.

148 1604 238 1677 Dum
256 1603 368 1690 licuit,
387 1621 444 1676 tua
462 1632 547 1705 saepe
563 1605 667 1692 mihi,
686 1606 747 1678 tibi
761 1623 875 1679 nostra
892 1605 1056 1702 legebam

197 1721 290 1821 Saepe
309 1723 358 1794 tui
373 1719 491 1818 judex,
510 1749 595 1823 saepe
611 1722 767 1818 magister
783 1750 889 1797 eram:

148 1834 218 1910 Aut
233 1863 295 1930 ego
314 1835 502 1936 praebebam
520 1836 615 1910 saetis
630 1837 730 1913 modo
748 1836 896 1912 versibus
911 1865 1024 1926 aures,
1178 1860 1210 1910 25

196 1952 280 2041 Aut,
294 1952 354 2026 ubi
371 1980 533 2041 cessans,
552 1983 649 2030 causa
666 1957 801 2031 ruboris
818 1984 914 2030 eram.

146 2068 301 2145 Porsitan
317 2070 485 2173 exemplo,
504 2073 582 2174 quia
598 2102 650 2149 me
667 2073 778 2151 laesere
793 2073 921 2161 libelli,

148 2269 206 2323 tur,
218 2278 301 2330 quum
311 2259 389 2327 dicit,
402 2266 515 2315 camina
524 2282 574 2314 nou
584 2267 656 2327 prius
704 2281 788 2327 uem
805 2260 932 2328 totidem,
947 2262 1113 2327 Ulmum,
1123 2272 1209 2306 W!

147 2338 250 2398 audita,
264 2335 317 2390 od.
331 2337 389 2401 ΙΙΙ,
404 2354 429 2403 ι,
443 2358 479 2390 vs.
491 2359 514 2391 2.
525 2339 627 2391 Mtcuu.
705 2339 768 2393 latet
782 2340 860 2393 ulcus.
873 2338 909 2391 ΙΙ.

186 2415 224 2479 14.
237 2414 274 2464 E!
285 2432 359 2466 mm
369 2419 446 2467 dotes.
461 2415 542 2466 caras
556 2415 655 2484 primus
716 2420 719 2425 ’
736 2418 929 2487 sollemnes.
935 2411 1019 2466 iidem
1027 2407 1123 2462 calores
1131 2407 1210 2477 Apol·

150 2487 236 2542 Vatis„
256 2489 449 2559 Rottendorpb.
467 2501 495 2544 et
515 2491 655 2562 Gottorpb.
704 2490 899 2546 lineitardores
911 2487 1017 2559 ingenii.

150 2569 236 2619 claras
250 2564 417 2620 Riobelianus
434 2586 440 2618 :
459 2579 540 2636 puto,
556 2571 657 2622 Clarias
737 2584 777 2618 ao.
788 2567 848 2619 Sola
858 2574 931 2618 uates
946 2567 1048 2617 lesbia.
1063 2561 1125 2616 Sola
1139 2574 1212 2617 vates

149 2647 228 2697 dotes.
236 2644 372 2712 Superiori
382 2664 457 2700 versu
465 2667 520 2699 cum
520 2648 590 2716 satae‘s
597 2646 656 2701 scri·
706 2643 810 2713 sappho
822 2662 852 2695 ex
865 2641 950 2695 Lesbo
967 2641 1058 2695 insuia.
1073 2670 1105 2681 -
1124 2644 1214 2694 Vincet

149 2722 188 2792 pti
199 2740 290 2775 omnes
301 2734 327 2776 et
340 2724 431 2792 prime
438 2724 566 2778 editiones
577 2762 584 2789 ,
602 2743 656 2778 non
705 2743 774 2791 opus.
791 2726 885 2777 Vince!
894 2723 961 2777 bene
975 2721 1114 2775 Leidensis.
1125 2720 1160 2772 H.

150 2802 297 2870 comsesce'e:
308 2803 353 2857 sed
366 2815 506 2877 utrumque
515 2815 657 2857 rectum-
739 2802 1062 2867 23.Dumle‘cu1't,!uasepe
1068 2802 1134 2851 mihi.
1142 2798 1211 2850 Puto

149 2884 249 2937 Natura
254 2902 309 2937 cum
314 2885 383 2952 statc's
394 2888 478 2948 dedu,
491 2904 552 2954 pro,
564 2893 658 2937 natura
706 2892 752 2937 tea
761 2902 826 2950 sepe
835 2887 882 2935 nti
888 2900 897 2946 ,·
909 2902 973 2936 narn
982 2881 1014 2935 de
1027 2886 1150 2936 recitante
1160 2880 1212 2932 Pe·

150 2971 178 3014 et
195 2962 248 3015 sata
261 2962 412 3017 dederunt:
430 2963 463 3019 de
478 2963 545 3018 faeie
560 2962 660 3032 ejusne
705 2961 763 3016 riila
772 2961 890 3031 proximo
899 2959 1212 3015 hexametrobabestmox

149 3038 446 3111 forma‚postaget.fl.
600 3052 605 3063 ’
706 3038 787 3092 etiarn
798 3041 868 3108 Sept
877 3039 1029 3107 laisjan,
1045 3038 1095 3092 hoc
1105 3048 1213 3091 estser-

188 3125 225 3174 15.
237 3124 301 3177 Hoc.
315 3122 420 3177 Scilicet
428 3133 505 3176 tuum
515 3121 658 3190 ingenium.
707 3117 794 3184 sibus,
807 3118 901 3188 opinor
910 3116 1085 3171 scribendum.
1099 3116 1134 3168 ΙΙ.

151 3202 479 3269 -ΛᾰιιηᾶαεΡοςωιϊω,
501 3201 543 3255 Ad
555 3202 659 3255 sontem
742 3197 781 3251 ab.
799 3197 868 3259 Aue,
889 3200 935 3250 ube·
946 3214 1068 3250 cessares.
1086 3195 1213 3248 Heinsius

151 3275 308 3342 Musarum,
324 3297 403 3345 quem
415 3298 498 3347 equus
509 3278 593 3331 alatus
602 3279 660 3333 Pe-
708 3273 875 3343 obnupserat
891 3292 940 3326 suo
958 3271 1058 3335 codici,
1070 3291 1120 3326 uon
1132 3275 1212 3323 eutel-

151 3373 243 3424 μω,
261 3357 327 3425 pede
339 3357 444 3411 fodiens
457 3357 551 3411 effecit.
566 3358 660 3411 Fabu-
708 3359 766 3424 1150.
778 3354 830 3409 sed
844 3364 908 3423 puto
920 3365 990 3408 reete
1002 3372 1029 3407 se
1044 3351 1137 3406 babere
1148 3349 1209 3401 vut-

150 3427 203 3484 lam
214 3431 297 3485 refert
311 3432 430 3504 Hyginus
444 3454 450 3492 ;
467 3432 546 3486 ovid.
562 3433 605 3485 tib.
619 3431 659 3486 tv
709 3442 813 3501 gatam,
835 3441 864 3483 et
879 3448 981 3484 cessare
1000 3427 1063 3481 nibil
1082 3427 1122 3480 hic
1140 3423 1224 3512 aliun,

151 3507 329 3578 Metamorpb.
344 3510 470 3578 Designat
485 3520 573 3562 autern
586 3510 659 3563 Ori-
708 3517 818 3575 notare,
837 3525 915 3575 quam
929 3506 1041 3558 inertem
1058 3521 1128 3565 esse,
1144 3499 1210 3553 nihii

151 3582 250 3642 diusse
265 3588 381 3657 primurn
393 3585 475 3640 filiam
486 3586 601 3641 docuisse
616 3607 660 3641 ar·
707 3581 801 3637 iaoere.
822 3583 851 3637 si
868 3583 971 3637 fecisset
988 3599 1075 3633 versus
1096 3576 1210 3643 Perille,

152 3671 208 3718 tem
220 3667 355 3734 poeticam.
709 3659 778 3713 Naso
789 3660 919 3729 prebebat
932 3677 1022 3717 auum
1041 3657 1062 3709 si
1075 3673 1122 3724 per
1134 3653 1212 3706 iner-

188 3742 226 3792 18.
243 3743 323 3811 thue
328 3753 404 3811 pater
412 3753 485 3796 uate.
501 3745 579 3795 Pater
588 3760 659 3794 nemo
708 3739 771 3792 tiam
781 3733 1213 3802 nibiiserisset,desidiameiusin·

153 3817 232 3887 prim.
249 3819 371 3875 Politian.
382 3830 457 3885 paler
476 3823 577 3873 Veneris
594 3817 659 3873 alter
708 3818 827 3886 orepabat
839 3820 922 3883 Naso,
936 3826 963 3870 et
973 3815 1008 3868 ita
1016 3816 1122 3880 pudoris
1133 3832 1214 3867 cansa

151 3894 659 3968 ejusdem,etHamburgeusis,etunus
708 3892 935 3961 e'psimt.Bunnt.

150 3965 305 4037 Modiana-3
317 3973 371 4027 duo
379 3979 464 4039 veum
477 3970 659 4038 Junianusju·
740 3990 779 4040 ²7·
794 3974 860 4037 Quia
872 3992 912 4026 ne
921 3975 1004 4024 lesere
1016 3975 1104 4025 litem.
1119 3966 1213 4022 rtatim

152 4053 223 4102 seul:
235 4048 299 4109 alius
309 4057 385 4119 ven}
400 4051 452 4109 duo
463 4055 535 4125 mis·
548 4059 659 4121 quatuor
708 4067 754 4118 qno
765 4068 773 4103 .·
785 4049 826 4102 rel
838 4054 968 4118 extemplo
983 4049 1018 4103 tt.
