2722 4702
281 347 351 413 EX
373 343 551 414 PONTO
573 347 668 413 LIB.
694 348 763 415 IV.
789 347 958 416 EPIST.
984 350 1062 418 111.
1133 292 1198 438 dab

187 472 272 558 Nam
288 483 352 557 nisi
369 483 454 580 justa
473 500 605 572 tuaest,
622 486 709 584 justa
726 487 856 586 querela
873 517 944 562 mea
959 507 1018 563 est.

140 602 225 699 Quae
245 617 277 674 te
294 597 496 672 consimilem
513 628 565 672 res
583 628 671 673 nunc
684 619 771 676 vetat
787 629 857 674 esse
874 603 1004 700 priori?

189 718 244 789 An
263 715 407 800 crimen,
423 714 507 813 cupi
525 716 616 814 quod
633 718 730 788 miser
745 744 831 803 esse,
849 718 969 790 vocas?

141 830 177 905 Si
195 829 276 902 mibi
292 829 394 901 rebus
410 857 507 927 opem
525 829 647 904 nullam
663 833 822 930 lactisque
837 831 980 920 serebas,
1169 856 1202 909 25

190 946 344 1018 Venisset
360 943 468 1017 verbis
486 945 596 1017 charta
614 964 727 1020 notata
746 948 862 1022 tribus.

141 1061 207 1132 Vix
226 1056 378 1158 equidem
395 1058 508 1142 credo,
528 1060 632 1135 sedet
650 1060 807 1135 insultare
825 1061 940 1157 jacenti

189 1177 238 1248 Te
254 1175 354 1260 mibi,
372 1201 431 1244 nee
447 1175 554 1247 verbis
572 1204 722 1276 parcere,
742 1177 826 1251 lama
844 1177 958 1256 retest

143 1292 237 1390 Quid
254 1291 350 1376 lacis,
371 1289 411 1363 ab
429 1289 590 1366 demens?
605 1322 682 1380 cur,
702 1293 729 1366 si
747 1292 879 1366 sortnua
893 1291 1039 1381 recedat,

191 1403 371 1499 Naufragio
388 1403 546 1503 lacrymas
561 1406 661 1505 eripis
679 1409 748 1505 ipse
765 1409 849 1478 tuo?
1173 1430 1207 1480 30

145 1524 223 1596 Haec
236 1522 307 1594 Dea
321 1549 390 1594 uon
409 1519 537 1609 stabili,
554 1549 652 1620 quam
671 1520 715 1594 sit
733 1518 827 1604 levis,
847 1518 927 1592 orbe
942 1520 1082 1609 latetur,

194 1637 303 1731 Quem
322 1663 486 1709 summum
503 1634 608 1708 dubio
626 1634 690 1706 sub
706 1633 790 1733 pede
803 1662 932 1733 semper
948 1635 1058 1711 babet.

146 1751 310 1848 Quolibet
327 1766 376 1823 est
394 1748 487 1836 lolio,
506 1749 621 1849 quavis
639 1748 798 1822 incertior
814 1775 913 1835 aura,

194 1866 260 1937 Par
276 1861 325 1935 illi
338 1862 468 1952 levitas,
487 1865 656 1964 improbe,
673 1861 742 1936 sola
761 1881 817 1936 tua
836 1880 893 1935 est.

148 1976 271 2053 Omnia
288 1992 366 2048 sunt
382 1975 552 2051 bominum
572 1977 663 2051 tenui
681 1975 855 2078 pendentia
873 1972 951 2061 filo,
1176 2001 1209 2056 ss

195 2095 241 2165 Et
257 2091 370 2164 subito
387 2119 480 2179 casu,
498 2119 570 2190 quae
586 2093 729 2178 valuere,
748 2080 860 2163 ruunt.

149 2208 272 2282 Divitis
286 2205 400 2281 audita
419 2222 467 2278 cst
484 2205 536 2278 cui
554 2234 624 2279 non
641 2205 808 2306 opulentia
825 2201 957 2276 Crusi?

149 2375 269 2427 bantibus
289 2375 445 2426 Burmanno
459 2381 487 2424 et
509 2368 655 2438 Oberlino,
738 2371 777 2422 3ο.
795 2369 880 2435 Ενῲὺ
891 2370 1023 2438 lacrymas.
1036 2365 1121 2418 Amici
1134 2369 1207 2422 enim

150 2463 228 2520 atque
241 2450 335 2503 nostris
344 2448 483 2502 codicibus.
703 2448 725 2500 si
734 2446 848 2499 viderint
860 2444 923 2514 quid
936 2453 1027 2498 contra
1042 2462 1085 2495 me
1097 2444 1207 2513 leceris,

184 2548 223 2582 aa.
241 2529 303 2579 Nisi
312 2527 388 2593 J'usta
403 2534 504 2578 tuaest.
517 2524 573 2578 Nisi
590 2543 657 2593 que-
705 2537 732 2579 et
742 2523 944 2594 quamsuerisin
954 2542 996 2575 me
1008 2522 1209 2577 crudelisiubac

150 2602 204 2656 rela
229 2615 274 2657 tua
294 2603 414 2660 habuerit
433 2603 528 2671 iustam
547 2621 652 2655 merum
705 2622 764 2656 mea
781 2601 1212 2670 calamitate,idemquoqueme-

150 2683 655 2746 succensendicausam.-Querelamea.
706 2681 801 2733 cumin
810 2690 834 2732 te
848 2677 972 2731 efficient.

151 2759 370 2814 Mealamentatio
380 2760 412 2811 de
423 2771 447 2811 te
456 2798 463 2824 ,
473 2758 543 2824 quod
552 2778 595 2811 me
609 2758 657 2809 de·
738 2759 778 2810 32.
798 2761 993 2823 Quaesummum.
1006 2759 1083 2822 Quem
1093 2774 1191 2825 repone
1201 2778 1208 2821 ;

151 2838 269 2892 secueris.
706 2854 790 2903 neque
802 2836 877 2889 aliter
887 2836 1077 2903 Fragmentum
1086 2835 1211 2888 borbor-

184 2916 223 2966 a3‚
244 2916 320 2979 Quod
325 2920 350 2964 te
361 2932 426 2965 nuuc
441 2917 533 2964 cerium
544 2915 658 2965 se'sm'lem.
709 2914 827 2965 nianunt.
841 2914 876 2965 H.

153 2988 231 3043 Polit.
248 2989 405 3058 plurimique
419 2989 499 3041 aliiex
511 2988 657 3059 castigatio·
739 2991 779 3043 35.
800 2994 893 3044 Omnia
908 2994 1109 3045 semihominum.
1120 2992 1212 3044 Omine

153 3067 234 3133 ribus,
242 3089 254 3112 s
263 3066 332 3134 Quae
339 3077 363 3118 te
369 3066 532 3120 consimilem
538 3085 656 3120 resnunc
710 3067 815 3137 plurimi
824 3089 854 3122 ex
864 3070 978 3138 scriptis:
989 3060 1025 3123 nil
1039 3081 1119 3123 muta.
1133 3070 1168 3123 H.
1177 3096 1211 3112 -

153 3153 224 3196 vetat
235 3163 289 3196 esse
303 3144 396 3211 priori;
417 3166 430 3188 a
444 3153 530 3206 recte3
545 3152 658 3196 utuntur
712 3146 849 3214 Teuns'filo.
864 3147 952 3199 Tenui
963 3146 1107 3200 retinaculo
1119 3156 1146 3199 et
1157 3145 1209 3199 fir-

154 3240 185 3274 ea
202 3239 265 3274 soce
277 3221 369 3290 passim
388 3220 539 3287 Lucretius,
554 3218 659 3274 Teren-
706 3233 850 3275 mamento.
859 3221 973 3276 Videtur
980 3233 1068 3276 autern
1075 3223 1210 3292 poetaboc

155 3301 220 3367 tius,
238 3319 267 3353 ac
280 3299 390 3365 Cicero;
410 3302 519 3365 Noster,
540 3299 585 3353 lib.
596 3300 657 3366 tlt,
707 3299 740 3353 de
750 3299 871 3372 Dionysii
882 3300 989 3353 historia
1002 3305 1121 3366 traxisse,
1135 3313 1162 3356 et
1174 3302 1207 3357 ad

155 3378 228 3443 Eleq.
245 3393 349 3442 v11,rs.
361 3378 376 3430 3
386 3396 392 3430 ε
404 3400 417 3423 α
427 3376 517 3430 Tedia
531 3375 659 3432 consimili
706 3395 765 3430 eam
780 3377 918 3440 adludere;
930 3397 1008 3448 quam
1020 3379 1207 3450 elegantissime

154 3456 212 3510 lieri
226 3454 257 3509 de
270 3453 387 3510 carmine
396 3455 474 3509 vobis.
482 3477 496 3501 a
509 3456 545 3510 H.
707 3452 802 3507 Cicero
811 3454 893 3509 relert
903 3456 930 3507 in
945 3455 1038 3525 quinto
1049 3457 1210 3513 Tusculana-

187 3535 227 3588 26.
255 3538 461 3588 Weissetuerbs's
478 3536 569 3586 charta
578 3539 659 3585 m-
706 3550 766 3583 ruru
781 3534 954 3602 questionum
967 3533 1040 3587 libro.
1056 3520 1169 3612 liptinas
1189 3542 1211 3591 ἰν

155 3621 190 3664 ta.
198 3613 297 3667 Saltem
308 3610 513 3665 verbaetliteras
521 3609 553 3663 ad
562 3627 605 3662 me
615 3609 660 3662 mi·
707 3613 918 3678 λιπῶννημάτων,
931 3612 1035 3666 Lucian.
1048 3612 1116 3666 Dial.
1129 3616 1210 3669 Con-

157 3686 237 3740 sisses
707 3687 875 3754 temptantes,
898 3689 950 3741 sive
972 3687 1088 3753 Charon.
1106 3692 1207 3747 Lucret.

191 3781 230 3833 aq
247 3768 386 3830 Sisortuua
392 3771 499 3821 recedat.
512 3765 660 3820 Sitonum
706 3765 795 3832 libll,
804 3767 852 3820 sub
859 3767 979 3836 lin.apud
986 3768 1103 3825 Gellium
1112 3813 1119 3834 ‚
1129 3770 1205 3833 Xlll,

158 3850 204 3894 tua
218 3843 331 3896 secunda
346 3858 371 3899 te
387 3865 489 3915 quoque
502 3844 617 3905 deserat,
632 3855 660 3898 ut
709 3864 748 3897 so.
765 3868 778 3893 s
795 3847 883 3900 Aurea
903 3847 936 3901 de
949 3850 1011 3904 calo
1025 3850 1122 3904 dimisit
1140 3846 1209 3898 sunit

159 3937 202 3971 rue
216 3917 585 3991 deseruit-Naufraer'otuo.
600 3920 660 3978 Tuo
707 3922 815 3978 inam.
833 3946 849 3972 s
870 3925 941 3980 Eun.
959 3928 1026 3998 apud
1047 3922 1162 3980 Macrob.
1181 3922 1208 3992 l,

160 3997 246 4068 aliquo
258 3998 423 4067 intonunio,
438 4001 508 4070 quod
518 3999 565 4054 tibi
577 4011 661 4069 potest
707 4021 739 4073 9,
755 4023 768 4048 κ
777 4002 835 4057 ttae
848 4017 928 4059 noctu
940 4004 984 4058 tito
995 4001 1123 4072 pendebat
1132 3998 1209 4054 Etru-

160 4076 321 4146 eoutinpere.
707 4077 746 4132 ria
753 4081 918 4135 tutassVide
928 4080 1033 4134 Colum.
1040 4095 1096 4146 pag.
1104 4081 1144 4131 55.
