2722 4702
161 390 225 455 292
437 368 477 433 Ρ.
506 317 939 436 ov1n11nasos1s

162 505 226 578 Cui
239 532 302 577 nos
319 522 352 577 et
369 503 542 604 lacrymas,
559 532 750 605 supremum
765 505 801 579 in
817 505 930 582 sunere
945 537 1090 601 munus,

210 624 256 694 Et
272 621 421 695 dedimus
438 622 548 694 medio
567 622 690 722 scripta
706 621 849 696 canenda
867 621 952 696 soro.
1194 653 1228 704 so

161 739 257 811 Adde
273 737 361 837 quod
382 753 432 809 est
448 734 549 809 frater
566 753 659 809 tanto
677 737 739 810 tibi
751 737 885 834 junctus
902 767 1033 828 amore,

211 853 368 948 Quantus
386 851 420 922 in
440 849 565 924 Atridis
583 851 846 952 Tyndaridisque
859 853 933 927 fuit

159 969 194 1041 Is
211 997 263 1041 me
281 997 339 1041 nee
359 967 532 1052 comitem,
550 993 610 1039 nec
628 967 825 1064 dedignatus
838 969 977 1044 amicum
994 989 1062 1060 est;

208 1088 243 1161 Si
260 1105 368 1160 tamen
386 1087 454 1158 haec
470 1084 519 1157 illi
538 1112 607 1157 non
621 1084 773 1158 nocitura
789 1102 896 1185 putas.

158 1204 194 1277 Si
212 1204 342 1288 minus,
361 1202 422 1274 hac
442 1229 577 1301 quoque
595 1229 647 1275 me
663 1201 852 1276 mendaeem
871 1220 963 1302 parte
979 1204 1130 1278 fatebor:
1194 1228 1228 1280 35

206 1315 326 1388 Clausa
343 1314 423 1387 mihi
441 1313 556 1414 potius
573 1330 643 1387 tota
659 1313 703 1387 sit
718 1314 782 1388 ista
799 1314 927 1388 domus.

159 1429 223 1503 Sed
240 1458 347 1529 neque
365 1427 546 1500 claudenda
564 1445 634 1514 est;
654 1443 688 1500 et
702 1425 793 1501 nulla
810 1427 961 1528 potentia
976 1428 1059 1503 vires

208 1541 406 1626 Praessandi,
426 1568 467 1612 ne
486 1539 565 1639 quid
582 1559 695 1640 peccet
711 1540 855 1628 amicus,
875 1541 984 1616 habet.

11 1736 15 1741 ,
158 1657 204 1728 Et
221 1672 327 1727 tamen
344 1671 383 1726 ut
399 1672 568 1752 cuperem,
586 1651 718 1751 eulpam
736 1681 871 1755 quoque
887 1682 984 1756 posse
998 1654 1127 1751 negari,

18 1772 73 1849 “x
207 1769 262 1840 Sic
280 1767 406 1840 facinus
423 1794 520 1842 nemo
538 1767 644 1841 nescit
661 1766 776 1841 abesse
793 1769 886 1842 mihi.
1194 1795 1228 1863 40

98 1876 101 1881 ¹
159 1882 342 1978 Quodnisi
360 1882 469 1958 delicti
487 1912 564 1985 pars
583 1883 782 1959 excusabilis
799 1905 903 1975 esset,

206 2004 308 2076 Parva
322 2001 459 2098 relegari
477 2029 574 2103 poena
586 2003 699 2076 sutura
711 2000 785 2075 fuit.

158 2160 254 2217 Malim
265 2166 378 2232 ἅψῃ·
392 2182 455 2217 nam
470 2163 498 2215 in
517 2162 666 2217 Combiano
680 2232 683 2237 y
715 2164 743 2216 in
753 2184 782 2218 se
792 2164 932 2218 mentitum
941 2183 983 2217 me
996 2165 1228 2237 luissezquemad·

147 2248 227 2314 fixam
239 2243 339 2308 tien,
354 2244 393 2296 El.
408 2261 459 2310 m,
475 2264 504 2314 77
515 2263 522 2297 ι
533 2265 546 2290 s
561 2244 666 2298 Primus
687 2262 691 2270 ’
717 2240 826 2295 modum
839 2241 918 2295 etiam
926 2241 959 2295 de
969 2253 995 2296 te
1007 2242 1076 2311 dixi,
1087 2242 1159 2314 qnod
1170 2244 1228 2301 fue·

157 2335 187 2375 ut
211 2321 336 2374 anderen
360 2322 525 2373 committere
550 2319 666 2373 carmina
717 2319 752 2372 ris
766 2318 831 2372 mihi
844 2319 949 2372 amicus.

157 2399 236 2451 lame
248 2392 369 2464 {utpute
384 2397 484 2469 ingenii
498 2397 551 2448 dux
562 2397 613 2450 tuis
623 2397 665 2449 ille
749 2395 790 2448 36.
801 2399 897 2452 Potius.
912 2397 1020 2465 Quam,
1034 2398 1162 2468 subaudi,
1175 2422 1226 2456 ve·

158 2470 666 2541 meina-Idasque.Etlunemsplen·
715 2475 761 2527 lim
774 2473 917 2542 quidquam
935 2476 1070 2543 scribere,
1093 2489 1121 2534 et
1139 2480 1225 2537 adlis-

157 2555 221 2616 dor3
234 2564 278 2605 aut
289 2561 358 2604 certe
368 2548 447 2601 ardor
454 2558 483 2603 et
489 2548 619 2603 incitator.
715 2570 787 2605 mare
803 2551 874 2617 quod
888 2552 955 2607 obsit
970 2554 1053 2611 lensi.

191 2652 230 2704 ²9·
242 2633 278 2683 Et
287 2633 420 2698 lacrymas.
435 2627 470 2679 Et
480 2625 607 2696 subaudi,
619 2631 665 2683 de-
737 2624 786 2695 ·37.
798 2630 838 2681 ΕΙ
849 2632 920 2683 πιθα
931 2638 1048 2696 potentia
1061 2642 1139 2691 vinu
1152 2637 1228 2692 Nm

156 2713 245 2770 danus,
256 2707 363 2771 hocest,
373 2704 528 2758 deflevimus
536 2704 662 2775 carmine,
715 2724 797 2775 quum
811 2706 882 2761 nulla
895 2711 1012 2778 potentia
1024 2711 1135 2767 tanta'sit
1145 2752 1154 2780 ,
1164 2735 1229 2784 quo

156 2808 202 2841 seu
217 2786 344 2841 oratione.
713 2784 791 2854 possit
800 2785 954 2854 prohibere,
969 2790 1021 2842 sive
1034 2790 1138 2859 facere,
1154 2813 1227 2863 qno·

188 2871 228 2922 30.
241 2869 278 2919 E!
287 2868 400 2918 deds'mus
411 2866 499 2916 medio.
511 2863 572 2916 Mos
583 2865 609 2917 in
621 2864 664 2918 su·
713 2862 801 2914 minus
814 2860 920 2931 alicujus
935 2867 1041 2921 alterius
1057 2870 1154 2923 amicus
1171 2870 1224 2925 ali-

160 2947 267 2999 neribus
274 2943 396 2997 laudandi
407 2943 542 2996 defunctos
551 2983 558 3009 ,
567 2942 666 2996 Roma·
712 2938 819 3005 quando
831 2951 919 3008 peccet
930 2964 935 2995 :
949 2961 1036 3011 neque
1045 2947 1223 3015 Augustusita

156 3028 197 3079 nis
208 3025 403 3079 vetustissimus.
712 3016 887 3086 inhumanus,
898 3031 942 3073 aut
953 3039 1035 3075 saevus
1047 3025 1112 3091 erit,
1125 3036 1154 3079 ut
1161 3044 1223 3094 pso·

188 3107 227 3157 31.
239 3108 319 3158 Tanto
326 3109 390 3158 midi
388 3105 495 3173 junctus
501 3123 591 3157 amore.
597 3103 664 3157 Scri·
712 3106 803 3162 plerea
816 3096 923 3150 fratrent
940 3109 1015 3151 luunt
1027 3105 1167 3169 persequi,
1179 3113 1222 3156 aut

155 3184 187 3237 be
195 3189 309 3237 ts'be'eum
317 3183 419 3236 Sarrav.
429 3181 663 3236 Comb.‘l'wisden.
713 3169 796 3224 ⁰1³5ssss
803 3171 880 3239 'eliis
892 3175 950 3242 (1⁰5³
959 3194 1021 3243 ⁸8⁰2
1032 3178 1220 3244 a¹¹¹50¹¹⁸llllfl⁸s

156 3273 182 3315 et
191 3263 273 3315 Vatis.
282 3261 372 3330 primas
385 3272 460 3313 notse.
471 3261 568 3311 Versus
576 3259 664 3312 subse·
713 3247 854 3317 aliquam
867 3254 975 3319 Wffl'l·

156 3360 239 3409 quens
247 3339 393 3392 confirmat.
404 3337 565 3390 Procedenti
574 3339 662 3390 forsan
744 3328 784 3400 391
805 3331 910 3396 Culpam
927 3352 1020 3400 quoque
1030 3351 1108 3398 posse
1126 3341 1224 3400 negari.

154 3415 306 3485 legendum,
316 3418 397 3466 medea
407 3420 664 3480 scre'ptacanesdaro·
715 3408 819 3475 Culpam
837 3412 902 3460 mffit'
910 3429 986 3475 posse
1002 3409 1222 3474 segare'Francof,

154 3514 199 3560 go,
215 3493 270 3557 vel,
286 3490 468 3546 sumbonest.
482 3490 663 3558 feretro,non
705 3507 783 3555 posse
805 3507 896 3555 negare
918 3488 994 3542 multi
1016 3485 1139 3548 codiee„
1166 3492 1221 3544 vid.

144 3571 210 3637 soro
224 3590 232 3622 s
246 3569 279 3623 de
291 3567 408 3638 epicedio
419 3569 491 3622 enim
502 3573 561 3638 agit.
572 3572 608 3625 H.
711 3568 821 3621 Metam.
834 3568 903 3633 Xll,
916 3570 972 3634 546.

189 3648 275 3699 3210
292 3649 396 3699 Atridis.
415 3647 446 3698 ln
462 3648 663 3716 Agamemnone
744 3648 962 3711 41.Escssabilis.
975 3642 1046 3712 Quia
1059 3643 1217 3714 impruden-

157 3734 183 3778 et
192 3723 324 3777 Menelao.
333 3753 365 3763 -
377 3725 580 3796 Tyndaridisque.
589 3725 624 3780 Et
634 3727 661 3780 in
711 3733 753 3775 ter
761 3724 981 3792 peccavi-Quod
987 3728 1040 3775 nisi
1048 3726 1143 3778 delicti.
1151 3727 1216 3781 Seu·

159 3803 269 3858 Castore
283 3812 310 3855 et
323 3801 435 3856 Polluce.
711 3821 754 3854 sus
772 3814 812 3857 est
828 3804 869 3856 :si
888 3802 973 3857 delicti
993 3805 1046 3857 snei
1064 3804 1215 3875 magnitudo

192 3883 231 3934 35.
243 3881 370 3933 Ss’m'aus.
389 3881 417 3933 Si
432 3891 506 3948 putas
521 3879 575 3932 hec
589 3877 664 3931 noci-
710 3889 783 3932 tanta
794 3892 874 3947 esset,
885 3892 914 3933 ut
927 3901 982 3935 non
992 3895 1078 3952 posset
1090 3883 1215 3948 excusati,

159 3973 217 4015 tusa
227 3980 233 4012 ι
244 3959 347 4023 hocest,
357 3959 377 4012 si
386 3958 526 4021 arbitraris,
537 3955 662 4024 hocquod
712 3960 845 4028 Augustus
857 3981 900 4015 me
912 3962 1058 4028 occidisset,
1074 3974 1101 4016 et
1111 3980 1164 4013 non
1176 3981 1215 4014 se·

157 4039 230 4102 dico,
240 4036 314 4090 fratri
324 4038 412 4090 obesse
422 4036 598 4103 posse-Hoc
606 4052 664 4102 quo·
710 4037 827 4105 legasset.

155 4135 203 4181 quc
212 4137 249 4168 me
262 4107 489 4176 ete'Prolitebor,
503 4111 602 4180 inquit,
615 4111 662 4165 lsac
742 4115 782 4177 4².
795 4119 880 4172 Parra
896 4124 1004 4187 relegare:
1022 4118 1138 4180 Relegart
1152 4136 1212 4169 eum
