2722 4702
161 376 228 458 ros
441 377 480 441 r.
510 377 691 445 ov1n11
716 376 944 449 nasonrs

209 515 331 614 Adjnta
346 532 398 589 est
412 516 543 590 novitas
557 517 692 590 numine
710 535 821 591 nostra
838 519 912 592 Dei.

163 631 247 703 Nam
265 631 368 732 patris
383 632 531 726 Augusti
548 631 647 705 docui
662 633 798 706 mortale
814 633 913 706 luisse
935 621 940 632 ’

212 749 363 848 Corpus;
377 749 412 820 in
428 749 577 822 atherius
591 777 715 822 numen
731 749 838 823 abisse
852 750 988 823 domos:

161 861 243 934 Esse
262 888 373 960 parem
390 861 511 936 virtute
527 861 635 962 patri,
654 862 712 961 qui
727 862 829 936 fraena
845 880 976 936 coactns

211 977 304 1080 Saepe
321 980 460 1052 recusati
478 978 602 1080 ceperit
615 978 763 1077 imperii:

163 1095 245 1169 Esse
260 1095 453 1196 pudicarum
471 1113 503 1169 te
519 1097 670 1179 Vestam,
688 1093 795 1181 Livia,
813 1110 973 1188 matrum;

211 1211 414 1308 Ambiguum
430 1229 509 1284 nato
526 1211 678 1306 dignior,
697 1237 781 1283 anne
799 1209 886 1281 viro:

165 1328 247 1401 Esse
264 1327 348 1400 duos
361 1328 512 1426 juvenes,
528 1326 622 1400 firma
635 1325 823 1424 adjumenta
837 1324 1000 1425 parentis,

212 1443 283 1541 Qui
301 1443 450 1517 dederint
466 1442 565 1517 animi
581 1441 719 1542 pignora
738 1459 824 1515 certa
840 1442 902 1515 sui.

163 1561 242 1634 Hac
259 1559 317 1632 ubi
333 1588 401 1632 non
418 1560 524 1659 patria
535 1557 658 1658 perlegi
671 1559 793 1657 scripta
811 1559 981 1642 Camoena,

213 1672 311 1745 Venit
327 1671 416 1742 etad
433 1670 556 1761 digitos
571 1668 686 1741 ultima
704 1670 814 1742 charta
828 1697 936 1758 meos;

163 1789 208 1860 Et
222 1799 335 1883 caput,
356 1800 389 1855 et
402 1781 516 1882 plenas
534 1809 645 1855 omnes
662 1810 790 1856 movere
807 1783 995 1884 pharetras,
1193 1809 1226 1862 as

172 1947 174 1953 ,
209 1901 255 1972 Et
271 1897 406 1994 longum
427 1896 544 1971 Getico
557 1925 707 1971 murmur
721 1898 827 1972 inore
845 1898 919 1972 snit.

78 2046 84 2063 ΙΙ
99 2066 115 2085 ’
194 2093 234 2154 ²4·
248 2088 343 2139 Nostra
356 2090 463 2140 soritas.
474 2086 601 2139 Nostrum
613 2104 669 2138 no·
714 2044 946 2158 quoquevoearit,
965 2086 1010 2141 lib.
1025 2088 1087 2155 nt,
1106 2087 1181 2160 Eleg.
1197 2107 1223 2158 t,

160 2164 224 2223 vat·
236 2165 365 2220 seribmdi
382 2183 464 2236 genus
480 2183 487 2217 2
505 2163 554 2219 hoe
571 2182 667 2233 genere
714 2185 750 2218 vs.
763 2185 816 2234 ¹¹7·
828 2164 898 2219 Nihil
909 2183 973 2234 ergo
983 2163 1033 2220 boe
1045 2165 1101 2218 loco
1110 2175 1151 2219 est
1161 2185 1223 2220 rnu-

156 2244 297 2305 ,sermonis
309 2268 341 2284 -
353 2245 460 2295 Numine
473 2243 532 2295 Ilei.
551 2242 667 2295 Numine
715 2240 832 2295 tandum.
849 2240 886 2293 fl.
897 2269 931 2281 -
945 2242 1058 2297 Μαίη.
1065 2245 1222 2311 pudicam.

163 2320 274 2378 Cusaria
292 2321 411 2390 Augusti.
430 2319 507 2372 Mna.
518 2347 552 2361 ·-
568 2322 668 2389 Adjsta
717 2315 953 2383 Quemadmodum
967 2317 1101 2386 virginum
1111 2317 1171 2373 Dea
1182 2331 1223 2395 est

162 2411 203 2453 est
211 2411 259 2454 etc.
273 2398 305 2452 ln
313 2386 365 2453 lanc
373 2414 441 2449 novo
452 2395 539 2449 labore
549 2395 667 2449 mensuit
715 2395 809 2459 Vesta,
822 2396 857 2448 sic
864 2405 1047 2449 matronarum
1055 2397 1113 2451 Dea
1124 2409 1165 2450 est
1176 2398 1224 2452 Li·
1246 2449 1249 2455 .

163 2477 227 2530 mihi
240 2493 342 2529 numen
356 2468 464 2529 Cetaria
483 2492 531 2543 pro
545 2474 667 2543 Apolline
714 2476 882 2528 via-Prote
893 2477 1142 2535 hemmenam
1149 2477 1223 2533 laeid.

163 2567 189 2608 et
203 2554 328 2620 Calliope.
342 2551 428 2604 Pon.
713 2555 889 2617 teuemplum
901 2551 953 2606 MS
968 2553 1068 2606 Bersm

198 2638 236 2685 25.
249 2628 462 2693 Patrr'sAmstt'.
478 2622 668 2697 Aupd'sa·
723 2610 939 2695 *Afifflscdm
947 2649 1062 2697 m
1076 2627 1222 2684 Gemi·
1254 2656 1265 2681 s

163 2709 241 2773 saris,
254 2705 333 2776 patris
344 2703 440 2773 patriae.
712 2724 772 2759 cum
781 2704 877 2761 scilieet
888 2702 1037 2774 Juniorem,
1045 2704 1132 2766 fitam
1140 2706 1220 2771 Dreu'

196 2787 234 2839 26.
243 2787 344 2838 Numen.
354 2781 479 2835 Animam
488 2778 600 2850 Augusti
609 2778 667 2833 Cte-
713 2784 825 2855 privigni
837 2786 949 2854 Augusti
961 2786 1108 2841 naturalem
1117 2811 1124 2852 ;
1134 2797 1218 2856 etper

162 2867 224 2920 saris
236 2861 360 2916 defuncti.
713 2861 882 2930 adoptionem
893 2863 992 2915 Tiberii
1003 2884 1107 2934 quoque
1119 2883 1125 2916 :
1140 2871 1169 2916 et
1179 2861 1219 2916 al-

197 2937 666 3011 27.Esseparemvtrtueepaenzltocut
714 2951 816 3007 terum,
831 2940 948 2994 Drusum
960 2942 1062 2996 Tiberii
1075 2943 1157 2996 filium
1170 2963 1220 3000 na-

163 3026 241 3078 etiarn
252 3062 259 3088 ,
272 3024 367 3075 virtute
381 3039 433 3074 non
448 3018 597 3071 interiorem
612 3037 666 3071 esse
713 3016 832 3071 ruralem.
841 3021 964 3069 -rtma
974 3019 1218 3086 adamatum·

162 3101 299 3155 Tiberium
312 3096 377 3166 patri
394 3094 489 3149 Cusari
503 3096 668 3163 Augusro.-
712 3100 754 3146 tis.
767 3095 855 3147 Firma
867 3094 982 3163 praesidia
995 3095 1096 3150 Tiberii
1108 3099 1196 3166 patris.

165 3180 301 3247 Ossismos
308 3188 417 3244 rogatus.
427 3173 483 3243 Qui
491 3174 612 3227 Tiberius
622 3173 666 3225 din
746 3174 785 3225 33.
795 3173 864 3224 Hac.
875 3170 930 3224 Has
939 3169 1026 3224 laudes
1032 3175 1201 3243 supradictas

164 3273 293 3308 summam
305 3252 407 3322 imperii
422 3250 561 3314 recusavit,
575 3259 603 3301 ut
618 3249 667 3300 do-
745 3251 785 3316 34.
805 3251 879 3301 Veni!
892 3252 930 3300 ad
944 3266 1011 3299 meos
1028 3254 1131 3318 drsseitos.
1148 3254 1218 3309 Meis

163 3344 203 3386 cet
219 3330 394 3399 Tranquillus.
407 3356 440 3368 -
455 3330 542 3380 Frena
557 3334 666 3393 rugatas.
711 3328 832 3382 manibus
840 3337 944 3380 tractata
956 3338 993 3379 est
1005 3330 1141 3384 recitando
1156 3352 1163 3384 :
1176 3334 1217 3386 vel

164 3411 273 3462 Coactus
289 3417 392 3477 praestat
408 3423 468 3458 rum
482 3403 570 3457 codice
584 3402 667 3456 Seali·
714 3404 758 3458 ubi
770 3404 876 3474 perveni
891 3403 922 3456 ad
935 3413 1077 3459 extremam
1091 3409 1213 3475 paginam

164 3486 217 3552 geri
228 3507 234 3545 ;
248 3484 390 3538 Suetonius
398 3482 430 3535 de
440 3481 560 3534 Tiberio:
571 3502 583 3525 u
593 3479 666 3533 Tan·
714 3492 740 3535 et
755 3482 845 3534 finem.

162 3559 224 3613 dem
232 3562 304 3627 quasi
315 3570 417 3613 roactus
430 3569 455 3613 et
465 3576 576 3625 querens
588 3558 667 3611 mise·
746 3563 914 3628 35.Etcapst.
922 3560 1002 3629 Quasi
1011 3557 1137 3613 laudando
1145 3576 1215 3626 opus

162 3656 219 3695 ram
232 3648 258 3689 et
269 3657 406 3693 onerosam
416 3637 515 3706 imponi
526 3637 572 3690 sibi
584 3637 666 3690 servi-
713 3638 786 3704 illud,
795 3637 990 3691 etadlirmando
997 3635 1022 3687 id
1031 3636 1087 3688 sore
1094 3654 1215 3708 causam,

164 3716 666 3787 tutem,recepitlmperium.»Adeatur
713 3724 743 3767 ut
760 3715 928 3768 reduceretur
945 3715 972 3766 in
990 3712 1098 3780 patriam
1116 3726 1215 3782 poeta,

162 3802 241 3854 etiam
255 3793 360 3850 Tacitus
375 3796 516 3849 Annalium
530 3796 550 3850 l.
565 3795 665 3849 llsrtts.
713 3811 818 3848 movere
831 3804 856 3847 et
867 3802 942 3860 caput
951 3801 976 3844 et
985 3791 1216 3863 pharatemquui

196 3901 234 3952 29
253 3877 319 3931 Esse
335 3875 482 3939 pudicarum
500 3887 526 3928 te
548 3877 664 3937 Vestam,
713 3888 760 3939 per
772 3871 904 3940 pharetras
912 3881 938 3922 et
949 3870 1052 3938 sagittas
1060 3872 1215 3939 jurarentet

163 3955 249 4015 boia,
265 3960 376 4006 matum.
386 3947 445 4001 Hoc
455 3961 509 4015 est,
523 3971 602 4019 quarn
610 3970 666 4004 ma·
713 3947 883 4002 adfirmarent
893 3949 929 4002 ita
939 3947 1004 4000 lore.

163 4037 246 4083 tronse
257 4047 349 4098 omnes
366 4024 465 4101 pudice
483 4025 562 4078 instar
579 4029 665 4102 Vesta
744 4027 784 4079 36.
795 4031 832 4082 Et
842 4033 942 4096 loegum
951 4047 1065 4081 mamae.
1077 4026 1112 4081 Et
1124 4028 1211 4096 longus

154 4120 322 4164 venerentur
341 4128 347 4163 :
368 4106 404 4162 sic
422 4100 545 4160 turoam
562 4103 664 4162 Lirim
712 4103 802 4160 tetrae
814 4126 843 4160 re
854 4126 950 4162 sermo.

1284 2574 1307 2603 κ’
