2722 4702
153 369 219 439 306
361 399 363 402 ⁴
435 370 475 434 P.
505 367 677 436 OVIDII
705 367 929 436 NASONIS

200 513 266 584 Det
281 509 362 582 mihi
380 509 527 583 formosa
542 537 623 583 nava
637 510 776 584 Juventa
792 536 890 583 manu
907 538 916 582 :

151 630 231 701 Non
248 645 355 699 tamen
372 643 507 700 exacuet
524 642 660 727 torpens
677 654 775 728 sapor
790 625 845 701 ille
861 625 1028 726 palatum;

200 741 312 816 Stabit
328 758 362 814 et
377 741 412 813 in
429 739 600 815 stomacho
617 739 750 839 pondus
766 740 869 814 inerte
886 739 954 812 (lin.

151 857 230 930 Ilaec
247 884 308 951 ego
325 885 393 930 non
408 858 530 943 ausim,
551 883 654 956 quum
671 855 738 929 sint
754 855 941 942 verissima,
960 856 1067 932 cuivis
1184 879 1213 930 15

199 972 369 1059 Scribere,
387 969 519 1043 delicias
535 998 577 1044 ne
593 967 678 1042 mala
694 986 808 1044 nostra
823 987 949 1043 vocent.

151 1088 283 1163 Scilicet
300 1091 328 1163 is
347 1105 452 1163 status
470 1105 537 1175 est,
556 1115 591 1160 ea
607 1115 716 1160 rernm
733 1087 839 1160 forma
855 1115 1020 1175 mearum,

198 1204 333 1279 Deliciis
350 1203 447 1277 etiam
464 1202 572 1304 possit
588 1219 627 1273 ut
643 1228 712 1275 esse
728 1201 832 1276 locus.

151 1319 295 1395 Delicias
311 1316 360 1390 illi
375 1345 494 1417 precor
509 1317 569 1389 has
587 1315 797 1411 contingere,
814 1317 843 1390 si
861 1317 952 1417 quis,

196 1440 246 1509 Ne
263 1433 344 1507 mihi
361 1432 406 1504 sit
423 1430 525 1503 levior
539 1431 675 1504 Caesaris
694 1431 757 1518 ira,
775 1431 879 1505 timet.
1177 1469 1212 1506 ου

149 1557 183 1626 ls
201 1576 355 1650 qnoque,
374 1549 431 1646 qui
447 1546 560 1640 gracili
577 1546 670 1618 cibus
686 1564 736 1618 cst
752 1547 787 1618 in
807 1573 961 1648 corpore,
976 1573 1128 1636 somnus,

195 1669 274 1739 Non
290 1662 348 1735 alit
365 1660 474 1733 officio
492 1687 613 1760 corpus
628 1660 724 1733 inauc
744 1690 816 1734 suo.

1 1770 49 1875 la,
83 1884 87 1889 ,
148 1784 213 1857 Sed
229 1779 347 1874 vigilo,
364 1777 562 1876 vigilantque
580 1776 645 1849 mei
661 1777 730 1850 sine
744 1776 809 1852 fine
826 1778 976 1868 dolores,

112 1942 115 1947 ’
182 1967 220 1998 ra.
234 1948 327 2000 Gerasa
337 1946 454 1996 Inventa.
468 1942 655 2013 Scriptipleri-
701 1963 776 2012 quam
786 1945 851 1999 Jun.
863 1955 890 1999 et
900 1945 963 1999 editi
971 1944 1209 2016 nonnullimc'quc

146 2042 198 2095 que
206 2034 295 2092 grata,
313 2023 353 2077 vel
364 2026 461 2089 Grata,·
479 2021 549 2091 quod
562 2033 655 2091 poste·
703 2021 822 2076 Icidens.

146 2104 203 2161 rins
212 2103 344 2173 amplexus
357 2111 396 2156 est
408 2101 570 2156 doctissimus
583 2100 655 2156 Gro·
739 2100 776 2152 15.
786 2102 904 2154 Dctc'cr'as
912 2103 1023 2154 sensata
1033 2109 1120 2155 costra
1130 2110 1209 2157 vocet.

148 2180 258 2248 nosins3
270 2200 338 2234 unus
350 2200 380 2234 ex
392 2180 579 2248 nostrisflaca5
591 2177 654 2233 alius
703 2179 772 2249 Lege
786 2189 888 2242 vocent,
901 2198 962 2233 cum
974 2178 1077 2235 duobus
1089 2180 1209 2251 antiquis

146 2277 244 2330 gnara,·
258 2252 361 2335 Suras.
374 2256 497 2326 scaligeri
507 2267 534 2310 et
545 2257 654 2325 Argent.
737 2278 773 2327 ¹7·
788 2261 890 2312 Scilicet
904 2264 928 2312 is
941 2267 1025 2312 status
1042 2269 1089 2314 cst.
1104 2259 1209 2316 lconioe

147 2339 347 2399 cavalonem,-
357 2343 445 2387 rerte:
458 2335 493 2388 ita
504 2335 578 2387 enim
589 2335 655 2388 scri-
702 2335 752 2390 hoc
765 2336 864 2390 clintum
876 2347 931 2402 est,
944 2356 975 2390 ex
986 2355 1040 2406 quo
1051 2335 1173 2408 designat
1181 2358 1209 2393 sc

146 2415 244 2469 bebant
256 2422 285 2463 ut
296 2406 391 2478 passim
400 2409 429 2463 in
443 2410 583 2462 veterrimo
595 2408 653 2463 cod.
702 2431 755 2480 pru
765 2413 848 2465 nimio
860 2413 949 2467 dolore
961 2432 1017 2468 non
1029 2432 1104 2484 posse
1112 2414 1209 2470 deliciis

147 2492 205 2546 Silii
213 2486 303 2543 Italici·
313 2485 415 2539 Senem
421 2485 537 2540 Hecale
547 2485 652 2539 OEtoeo:
701 2509 798 2544 vacare.
808 2518 842 2529 -
855 2493 897 2542 Ea
907 2492 1080 2560 remsrfhma
1093 2513 1208 2548 uem.

148 2592 161 2614 .‹
175 2570 208 2621 ln
225 2577 342 2632 tempore
359 2562 415 2628 ipso
426 2576 524 2629 gnavus
537 2556 654 2615 obcurrit
700 2564 1032 2631 Rembsortunamcam',
1042 2570 1207 2626 Thoaneus:

146 2644 256 2706 Licha„
270 2664 283 2687 s
296 2639 340 2691 ubi
351 2638 505 2690 veterrimos
516 2635 652 2693 Mediceus
699 2646 741 2696 ἤϊα
757 2650 841 2697 status
856 2643 944 2715 scripti
964 2658 991 2701 et
1008 2646 1075 2703 editi
1092 2648 1209 2718 stacte,

147 2742 241 2783 noces,
254 2721 304 2772 hoc
314 2727 352 2771 est
361 2734 447 2768 navus.
456 2715 651 2771 admenta.
699 2721 800 2774 Scilicet
819 2727 861 2776 aa:
881 2746 960 2779 rernm
980 2737 1079 2788 status,
1099 2735 1127 2780 et
1143 2726 1209 2792 (vel

147 2802 222 2856 Grati
241 2796 362 2852 ministri.
376 2795 462 2847 Immo
478 2793 575 2860 Hebe,
594 2815 651 2864 quoe
698 2796 772 2868 hcc)
788 2801 897 2867 fortuna
910 2823 1038 2870 mearum
1054 2802 1104 2856 vid.
1124 2803 1207 2858 Trist.

146 2878 232 2933 latinis
241 2878 350 2928 Iuventa
360 2872 454 2927 dicitur
467 2892 473 2923 ι
486 2871 589 2940 fingunt
604 2893 651 2927 au·
699 2878 729 2944 1,
744 2895 785 2945 rx,
799 2879 829 2948 37
840 2901 847 2943 3
859 2881 904 2933 sed
916 2893 943 2934 et
963 2883 1090 2950 Orosius,
1107 2882 1153 2938 lib.
1174 2884 1187 2938 l
1195 2923 1205 2950 ,

145 2969 200 3011 tem
220 2964 303 3023 poelae
321 2952 418 3004 Heben
430 2951 486 3004 Diis
505 2951 650 3005 ministrare
699 2977 735 3009 vs.
747 2961 776 3024 5,
790 2981 803 3004 o
818 2961 899 3014 Victis
907 2972 933 3014 et
945 2963 1084 3017 victoribus
1097 2982 1143 3033 par
1153 2962 1205 3017 lor·

146 3033 245 3106 pocula.
257 3059 290 3070 -
302 3033 422 3083 Formosa
435 3048 516 3081 mann.
530 3027 652 3081 Candida
698 3053 758 3097 ma;
774 3059 786 3082 »ι
795 3037 844 3089 nisi
853 3049 878 3091 et
890 3039 1035 3105 ibisortncc
1046 3042 1104 3109 quis
1118 3030 1203 3094 malit:

147 3123 173 3165 ct
187 3106 293 3179 pulchra
306 3126 395 3158 manu.
408 3105 485 3158 ntro.
698 3110 749 3162 vid.
767 3113 924 3180 Quintilian.
945 3115 1059 3170 lnstitut.
1073 3117 1151 3171 Orat.
1162 3117 1202 3169 lib.

180 3192 216 3243 13.
229 3191 350 3240 Esacuet.
360 3185 479 3236 Excutiet
489 3194 548 3236 tres.
561 3211 593 3224 -
601 3185 651 3236 Sa-
699 3190 740 3254 X,
754 3209 808 3258 cap,
823 3212 843 3242 ι,
856 3192 952 3245 Burin,

142 3270 249 3335 portttc.
263 3265 306 3316 sic
317 3272 354 3314 est
366 3260 485 3315 inaltero
496 3261 613 3314 Vatican.
623 3271 649 3313 et
739 3268 775 3319 18.
799 3270 886 3321 Possit
906 3279 935 3320 nt
954 3288 1017 3322 csse.
1040 3272 1118 3338 Quod
1131 3283 1206 3342 queat

145 3344 253 3407 Ursini,
267 3341 358 3393 melius
368 3357 447 3406 quam
459 3339 486 3389 in
498 3337 558 3389 aliis.
570 3336 649 3391 C1or.
699 3341 802 3395 Thoan.
814 3342 884 3395 unde
899 3344 1041 3411 Heinsius,
1062 3367 1111 3412 quo
1120 3362 1202 3414 queat.

146 3450 179 3463 -
189 3424 242 3472 Istc
252 3419 314 3472 editi
327 3416 447 3485 qttidam.
730 3440 769 3472 no.
784 3423 870 3472 Μαί.
891 3422 960 3473 Vclr't
970 3421 1110 3488 Gottorplr.
1130 3436 1205 3475 wcet

182 3501 218 3562 ιζ.
233 3499 334 3549 Pondus
343 3499 428 3545 inerte.
442 3491 522 3544 Cibus
531 3492 613 3561 gravis
623 3502 650 3545 et
697 3496 799 3566 Fragm.
814 3495 895 3549 Boxlr.
907 3497 977 3551 unde
990 3497 1081 3550 Heius.
1095 3510 1174 3551 vocet.

144 3571 247 3626 crudus.
262 3567 416 3622 Men-Tu
427 3577 547 3620 construe
558 3567 650 3622 :stabit
730 3595 768 3626 αι,
783 3574 835 3640 Qut
848 3582 888 3626 est
901 3578 979 3627 cibus.
993 3570 1109 3626 Somnus
1127 3577 1201 3631 enim

144 3660 172 3704 et
182 3648 254 3701 cibus
266 3647 293 3699 in
305 3644 439 3700 stomacho
453 3645 558 3710 inerte3
576 3658 605 3700 ut
616 3645 650 3700 sit
696 3651 799 3719 corpori
820 3650 932 3703 multum
955 3649 1103 3716 conducit,
1129 3656 1201 3709 unde

145 3729 249 3790 inerte,
268 3742 316 3791 pro
337 3722 436 3788 inerti,
459 3722 568 3776 ablativo
589 3742 649 3779 casu
697 3728 776 3783 Ovid.
789 3728 854 3781 Met.
868 3727 908 3781 lib.
921 3729 980 3794 XI,
999 3749 1065 3782 vern
1080 3731 1149 3800 523,
1166 3734 1200 3787 itt

143 3803 381 3857 dictumtc'nersest
392 3810 479 3853 autem
487 3803 647 3864 stomachus,
696 3805 788 3858 cecinit
806 3824 813 3858 :
829 3828 842 3851 a
864 3803 984 3873 Somne,
1004 3808 1077 3877 quie,
1096 3829 1200 3876 rerum,

144 3880 251 3952 quando
268 3896 345 3932 suum
360 3878 478 3930 ottieium
496 3898 550 3931 non
568 3879 647 3943 lacit,
685 3881 865 3951 'placidissime
879 3882 979 3938 Somne
993 3883 1131 3953 Deorum,
1148 3888 1201 3939 Pax

144 3962 266 4027 hocest,
280 3977 336 4012 non
350 3959 488 4026 concoquit
502 3978 531 4012 ac
547 3954 648 4028 digerit.
696 3958 794 4026 animi,
807 3978 888 4028 quem
902 3980 965 4015 cura
978 3962 1061 4031 fugit,
1076 3964 1120 4032 qui
1133 3978 1198 4013 cor-

144 4067 176 4080 —
188 4042 269 4092 laerte
278 4057 331 4091 mco
344 4034 453 4088 Junian.
695 4055 757 4104 pora
765 4035 838 4092 (luris
846 4039 924 4093 Fessa
931 4041 1079 4095 ministeriis
1087 4036 1196 4102 mulces,

180 4120 216 4169 15.
231 4118 322 4169 Cucce's.
341 4116 460 4182 Quamvis
476 4113 647 4167 Puteancur'·
695 4130 849 4182 reparasque
863 4117 976 4172 labori.»
