<?xml version="1.0" encoding="UTF-8"?>
<!DOCTYPE html PUBLIC "-//W3C//DTD XHTML 1.0 Transitional//EN"
    "http://www.w3.org/TR/xhtml1/DTD/xhtml1-transitional.dtd">
<html xmlns="http://www.w3.org/1999/xhtml" xml:lang="en" lang="en">
 <head>
  <title>
</title>
<meta http-equiv="Content-Type" content="text/html;charset=utf-8" />
  <meta name='ocr-system' content='tesseract 3.04.00' />
  <meta name='ocr-capabilities' content='ocr_page ocr_carea ocr_par ocr_line ocrx_word'/>
</head>
<body>
  <div class='ocr_page' id='page_1' title='image "./publiiovidiinas04massgoog/publiiovidiinas04massgoog_0383.png"; bbox 0 0 2722 4702; ppageno 0'>
   <div class='ocr_carea' id='block_1_1' title="bbox 262 307 1158 405">
    <p class='ocr_par' dir='ltr' id='par_1_1' title="bbox 262 307 1158 405">
     <span class='ocr_line' id='line_1_1' title="bbox 262 307 1158 405; baseline 0.006 -31"><span class='ocrx_word' id='word_1_1' title='bbox 262 310 325 375; x_wconf 89' lang='lat' dir='ltr'>EX</span> <span class='ocrx_word' id='word_1_2' title='bbox 352 307 528 374; x_wconf 87' lang='lat' dir='ltr'><strong>PONTO</strong></span> <span class='ocrx_word' id='word_1_3' title='bbox 552 311 646 377; x_wconf 90' lang='lat' dir='ltr'>LlB.</span> <span class='ocrx_word' id='word_1_4' title='bbox 673 311 752 377; x_wconf 88' lang='lat'>111.</span> <span class='ocrx_word' id='word_1_5' title='bbox 777 311 942 378; x_wconf 87' lang='lat' dir='ltr'><strong>EPIST.</strong></span> <span class='ocrx_word' id='word_1_6' title='bbox 968 314 997 378; x_wconf 88' lang='grc' dir='ltr'>Ι.</span> <span class='ocrx_word' id='word_1_7' title='bbox 1093 315 1158 405; x_wconf 81' lang='lat'>375</span> 
     </span>
    </p>
   </div>
   <div class='ocr_carea' id='block_1_2' title="bbox 103 448 1166 2038">
    <p class='ocr_par' dir='ltr' id='par_1_2' title="bbox 103 448 1166 2038">
     <span class='ocr_line' id='line_1_2' title="bbox 149 448 783 546; baseline 0.002 -25"><span class='ocrx_word' id='word_1_8' title='bbox 149 450 215 523; x_wconf 89' lang='lat' dir='ltr'>Pro</span> <span class='ocrx_word' id='word_1_9' title='bbox 230 448 353 523; x_wconf 86' lang='lat' dir='ltr'>nostris</span> <span class='ocrx_word' id='word_1_10' title='bbox 370 466 408 523; x_wconf 91' lang='lat' dir='ltr'>nt</span> <span class='ocrx_word' id='word_1_11' title='bbox 423 449 469 524; x_wconf 88' lang='lat' dir='ltr'>sis</span> <span class='ocrx_word' id='word_1_12' title='bbox 484 449 658 524; x_wconf 89' lang='lat' dir='ltr'>ambitiosa</span> <span class='ocrx_word' id='word_1_13' title='bbox 673 449 783 546; x_wconf 63' lang='lat' dir='ltr'>malis,</span> 
     </span>
     <span class='ocr_line' id='line_1_3' title="bbox 103 562 1159 662; baseline 0 -26"><span class='ocrx_word' id='word_1_14' title='bbox 103 566 150 637; x_wconf 85' lang='lat' dir='ltr'>Ut</span> <span class='ocrx_word' id='word_1_15' title='bbox 166 564 274 636; x_wconf 91' lang='lat' dir='ltr'>minus</span> <span class='ocrx_word' id='word_1_16' title='bbox 287 562 405 643; x_wconf 83' lang='lat' dir='ltr'>infesta</span> <span class='ocrx_word' id='word_1_17' title='bbox 419 564 540 662; x_wconf 88' lang='lat' dir='ltr'>jaceam</span> <span class='ocrx_word' id='word_1_18' title='bbox 557 565 712 659; x_wconf 84' lang='lat' dir='ltr'>regione,</span> <span class='ocrx_word' id='word_1_19' title='bbox 729 562 861 639; x_wconf 90' lang='lat' dir='ltr'>labora:</span> <span class='ocrx_word' id='word_1_20' title='bbox 1125 584 1159 639; x_wconf 78' lang='lat' dir='ltr'>es</span> 
     </span>
     <span class='ocr_line' id='line_1_4' title="bbox 152 679 805 781; baseline -0.002 -28"><span class='ocrx_word' id='word_1_21' title='bbox 152 679 278 753; x_wconf 85' lang='lat' dir='ltr'>Clauda</span> <span class='ocrx_word' id='word_1_22' title='bbox 295 707 353 753; x_wconf 89' lang='lat' dir='ltr'>nec</span> <span class='ocrx_word' id='word_1_23' title='bbox 371 679 473 753; x_wconf 89' lang='lat' dir='ltr'>ollicii</span> <span class='ocrx_word' id='word_1_24' title='bbox 488 709 566 781; x_wconf 91' lang='lat' dir='ltr'>pars</span> <span class='ocrx_word' id='word_1_25' title='bbox 583 681 644 754; x_wconf 87' lang='lat' dir='ltr'>erit</span> <span class='ocrx_word' id='word_1_26' title='bbox 661 679 728 753; x_wconf 86' lang='lat' dir='ltr'>ulla</span> <span class='ocrx_word' id='word_1_27' title='bbox 746 680 805 752; x_wconf 88' lang='lat' dir='ltr'>tui.</span> 
     </span>
     <span class='ocr_line' id='line_1_5' title="bbox 104 795 1009 894; baseline 0.003 -27"><span class='ocrx_word' id='word_1_28' title='bbox 104 795 225 888; x_wconf 80' lang='lat' dir='ltr'>Magna</span> <span class='ocrx_word' id='word_1_29' title='bbox 242 811 338 894; x_wconf 89' lang='lat' dir='ltr'>peto,</span> <span class='ocrx_word' id='word_1_30' title='bbox 352 796 411 869; x_wconf 88' lang='lat' dir='ltr'>sed</span> <span class='ocrx_word' id='word_1_31' title='bbox 426 824 494 869; x_wconf 89' lang='lat' dir='ltr'>non</span> <span class='ocrx_word' id='word_1_32' title='bbox 513 815 621 870; x_wconf 90' lang='lat' dir='ltr'>tamen</span> <span class='ocrx_word' id='word_1_33' title='bbox 636 796 797 870; x_wconf 85' lang='lat' dir='ltr'>invidiosa</span> <span class='ocrx_word' id='word_1_34' title='bbox 811 796 962 890; x_wconf 72' lang='lat' dir='ltr'>roganti:</span> <span class='ocrx_word' id='word_1_35' title='bbox 1007 815 1009 819; x_wconf 80' lang='grc'>’</span> 
     </span>
     <span class='ocr_line' id='line_1_6' title="bbox 152 910 930 1012; baseline 0 -28"><span class='ocrx_word' id='word_1_36' title='bbox 152 913 263 1012; x_wconf 87' lang='lat' dir='ltr'>thue</span> <span class='ocrx_word' id='word_1_37' title='bbox 279 940 316 984; x_wconf 90' lang='lat' dir='ltr'>ea</span> <span class='ocrx_word' id='word_1_38' title='bbox 332 941 400 985; x_wconf 90' lang='lat' dir='ltr'>non</span> <span class='ocrx_word' id='word_1_39' title='bbox 421 932 545 999; x_wconf 87' lang='lat' dir='ltr'>teneas,</span> <span class='ocrx_word' id='word_1_40' title='bbox 563 931 633 987; x_wconf 92' lang='lat' dir='ltr'>tuta</span> <span class='ocrx_word' id='word_1_41' title='bbox 648 910 779 1012; x_wconf 83' lang='lat' dir='ltr'>repulsa</span> <span class='ocrx_word' id='word_1_42' title='bbox 796 929 852 985; x_wconf 90' lang='lat' dir='ltr'>tua</span> <span class='ocrx_word' id='word_1_43' title='bbox 871 928 930 985; x_wconf 90' lang='lat' dir='ltr'>est.</span> 
     </span>
     <span class='ocr_line' id='line_1_7' title="bbox 104 1029 931 1116; baseline 0.001 -17"><span class='ocrx_word' id='word_1_44' title='bbox 104 1030 172 1102; x_wconf 86' lang='lat' dir='ltr'>Nec</span> <span class='ocrx_word' id='word_1_45' title='bbox 189 1029 271 1115; x_wconf 82' lang='lat' dir='ltr'>mihi</span> <span class='ocrx_word' id='word_1_46' title='bbox 287 1057 456 1116; x_wconf 76' lang='lat' dir='ltr'>succense,</span> <span class='ocrx_word' id='word_1_47' title='bbox 476 1030 575 1104; x_wconf 86' lang='lat' dir='ltr'>toties</span> <span class='ocrx_word' id='word_1_48' title='bbox 594 1030 622 1104; x_wconf 93' lang='lat' dir='ltr'>si</span> <span class='ocrx_word' id='word_1_49' title='bbox 640 1029 781 1103; x_wconf 80' lang='lat' dir='ltr'>carmine</span> <span class='ocrx_word' id='word_1_50' title='bbox 797 1046 931 1113; x_wconf 86' lang='lat' dir='ltr'>nostro,</span> 
     </span>
     <span class='ocr_line' id='line_1_8' title="bbox 153 1144 1165 1246; baseline 0.003 -29"><span class='ocrx_word' id='word_1_51' title='bbox 153 1145 255 1240; x_wconf 79' lang='lat' dir='ltr'>Quod</span> <span class='ocrx_word' id='word_1_52' title='bbox 271 1144 367 1231; x_wconf 83' lang='lat' dir='ltr'>lacis,</span> <span class='ocrx_word' id='word_1_53' title='bbox 383 1165 423 1219; x_wconf 88' lang='lat' dir='ltr'>ut</span> <span class='ocrx_word' id='word_1_54' title='bbox 439 1145 557 1232; x_wconf 83' lang='lat' dir='ltr'>facias,</span> <span class='ocrx_word' id='word_1_55' title='bbox 573 1164 671 1246; x_wconf 88' lang='lat' dir='ltr'>teque</span> <span class='ocrx_word' id='word_1_56' title='bbox 686 1147 827 1232; x_wconf 78' lang='lat' dir='ltr'>imitere,</span> <span class='ocrx_word' id='word_1_57' title='bbox 845 1173 939 1240; x_wconf 80' lang='lat' dir='ltr'>rogo.</span> <span class='ocrx_word' id='word_1_58' title='bbox 998 1148 1000 1153; x_wconf 70' lang='grc'><strong>’</strong></span> <span class='ocrx_word' id='word_1_59' title='bbox 1132 1183 1165 1236; x_wconf 71' lang='lat'>9⁰</span> 
     </span>
     <span class='ocr_line' id='line_1_9' title="bbox 106 1259 912 1361; baseline 0.006 -31"><span class='ocrx_word' id='word_1_60' title='bbox 106 1259 261 1334; x_wconf 78' lang='lat' dir='ltr'>Fortibus</span> <span class='ocrx_word' id='word_1_61' title='bbox 278 1259 427 1335; x_wconf 86' lang='lat' dir='ltr'>adsuevit</span> <span class='ocrx_word' id='word_1_62' title='bbox 441 1259 575 1333; x_wconf 88' lang='lat' dir='ltr'>tubicen</span> <span class='ocrx_word' id='word_1_63' title='bbox 593 1260 765 1361; x_wconf 87' lang='lat' dir='ltr'>prodesse,</span> <span class='ocrx_word' id='word_1_64' title='bbox 784 1289 912 1361; x_wconf 88' lang='lat' dir='ltr'>suoque</span> 
     </span>
     <span class='ocr_line' id='line_1_10' title="bbox 155 1376 859 1475; baseline 0.001 -28"><span class='ocrx_word' id='word_1_65' title='bbox 155 1376 233 1449; x_wconf 85' lang='lat' dir='ltr'>Dux</span> <span class='ocrx_word' id='word_1_66' title='bbox 247 1376 333 1449; x_wconf 91' lang='lat' dir='ltr'>bene</span> <span class='ocrx_word' id='word_1_67' title='bbox 348 1393 537 1475; x_wconf 82' lang='lat' dir='ltr'>pugnantes</span> <span class='ocrx_word' id='word_1_68' title='bbox 553 1376 671 1449; x_wconf 89' lang='lat' dir='ltr'>incitat</span> <span class='ocrx_word' id='word_1_69' title='bbox 688 1405 744 1449; x_wconf 89' lang='lat' dir='ltr'>ore</span> <span class='ocrx_word' id='word_1_70' title='bbox 759 1376 859 1450; x_wconf 87' lang='lat' dir='ltr'>viros.</span> 
     </span>
     <span class='ocr_line' id='line_1_11' title="bbox 106 1491 1051 1593; baseline 0.001 -30"><span class='ocrx_word' id='word_1_71' title='bbox 106 1492 192 1565; x_wconf 86' lang='lat' dir='ltr'>Nota</span> <span class='ocrx_word' id='word_1_72' title='bbox 206 1510 261 1565; x_wconf 88' lang='lat' dir='ltr'>tna</span> <span class='ocrx_word' id='word_1_73' title='bbox 277 1509 327 1565; x_wconf 86' lang='lat' dir='ltr'>est</span> <span class='ocrx_word' id='word_1_74' title='bbox 342 1491 511 1593; x_wconf 86' lang='lat' dir='ltr'>probitas,</span> <span class='ocrx_word' id='word_1_75' title='bbox 532 1507 713 1591; x_wconf 85' lang='lat' dir='ltr'>testataque</span> <span class='ocrx_word' id='word_1_76' title='bbox 731 1511 862 1593; x_wconf 87' lang='lat' dir='ltr'>tempus</span> <span class='ocrx_word' id='word_1_77' title='bbox 880 1492 915 1565; x_wconf 89' lang='lat' dir='ltr'>in</span> <span class='ocrx_word' id='word_1_78' title='bbox 932 1519 1051 1565; x_wconf 87' lang='lat' dir='ltr'>omne:</span> 
     </span>
     <span class='ocr_line' id='line_1_12' title="bbox 153 1605 839 1705; baseline -0.003 -27"><span class='ocrx_word' id='word_1_79' title='bbox 153 1606 205 1678; x_wconf 90' lang='lat' dir='ltr'>Sit</span> <span class='ocrx_word' id='word_1_80' title='bbox 220 1607 325 1679; x_wconf 85' lang='lat' dir='ltr'>virtus</span> <span class='ocrx_word' id='word_1_81' title='bbox 339 1608 435 1679; x_wconf 89' lang='lat' dir='ltr'>etiam</span> <span class='ocrx_word' id='word_1_82' title='bbox 454 1634 522 1678; x_wconf 93' lang='lat' dir='ltr'>non</span> <span class='ocrx_word' id='word_1_83' title='bbox 538 1606 706 1705; x_wconf 79' lang='lat' dir='ltr'>probitate</span> <span class='ocrx_word' id='word_1_84' title='bbox 721 1605 839 1678; x_wconf 88' lang='lat' dir='ltr'>minor.</span> 
     </span>
     <span class='ocr_line' id='line_1_13' title="bbox 107 1719 1166 1820; baseline 0 -28"><span class='ocrx_word' id='word_1_85' title='bbox 107 1721 183 1793; x_wconf 87' lang='lat' dir='ltr'>Non</span> <span class='ocrx_word' id='word_1_86' title='bbox 200 1721 261 1792; x_wconf 92' lang='lat' dir='ltr'>tihi</span> <span class='ocrx_word' id='word_1_87' title='bbox 279 1722 454 1795; x_wconf 83' lang='lat' dir='ltr'>Amazonia</span> <span class='ocrx_word' id='word_1_88' title='bbox 470 1737 521 1794; x_wconf 89' lang='lat' dir='ltr'>cst</span> <span class='ocrx_word' id='word_1_89' title='bbox 537 1749 601 1820; x_wconf 91' lang='lat' dir='ltr'>pro</span> <span class='ocrx_word' id='word_1_90' title='bbox 618 1745 670 1792; x_wconf 90' lang='lat' dir='ltr'>me</span> <span class='ocrx_word' id='word_1_91' title='bbox 687 1719 847 1792; x_wconf 87' lang='lat' dir='ltr'>sumenda</span> <span class='ocrx_word' id='word_1_92' title='bbox 864 1719 1003 1806; x_wconf 87' lang='lat' dir='ltr'>securis,</span> <span class='ocrx_word' id='word_1_93' title='bbox 1133 1743 1166 1814; x_wconf 58' lang='grc' dir='ltr'><em>ψ</em></span> 
     </span>
     <span class='ocr_line' id='line_1_14' title="bbox 156 1834 806 1937; baseline -0.002 -30"><span class='ocrx_word' id='word_1_94' title='bbox 156 1837 228 1907; x_wconf 82' lang='lat' dir='ltr'>Aut</span> <span class='ocrx_word' id='word_1_95' title='bbox 243 1836 348 1908; x_wconf 84' lang='lat' dir='ltr'>excisa</span> <span class='ocrx_word' id='word_1_96' title='bbox 364 1834 424 1910; x_wconf 84' lang='lat' dir='ltr'>leri</span> <span class='ocrx_word' id='word_1_97' title='bbox 437 1837 525 1937; x_wconf 89' lang='lat' dir='ltr'>pelta</span> <span class='ocrx_word' id='word_1_98' title='bbox 540 1836 681 1932; x_wconf 84' lang='lat' dir='ltr'>gerenda</span> <span class='ocrx_word' id='word_1_99' title='bbox 697 1863 806 1909; x_wconf 90' lang='lat' dir='ltr'>manu.</span> 
     </span>
     <span class='ocr_line' id='line_1_15' title="bbox 108 1946 1033 2038; baseline 0.003 -19"><span class='ocrx_word' id='word_1_100' title='bbox 108 1949 240 2020; x_wconf 86' lang='lat' dir='ltr'>Numen</span> <span class='ocrx_word' id='word_1_101' title='bbox 259 1947 460 2025; x_wconf 89' lang='lat' dir='ltr'>adorandum</span> <span class='ocrx_word' id='word_1_102' title='bbox 477 1968 543 2038; x_wconf 80' lang='lat' dir='ltr'>cst3</span> <span class='ocrx_word' id='word_1_103' title='bbox 560 1978 629 2023; x_wconf 93' lang='lat' dir='ltr'>non</span> <span class='ocrx_word' id='word_1_104' title='bbox 649 1969 688 2023; x_wconf 89' lang='lat' dir='ltr'>nt</span> <span class='ocrx_word' id='word_1_105' title='bbox 704 1949 786 2022; x_wconf 90' lang='lat' dir='ltr'>mihi</span> <span class='ocrx_word' id='word_1_106' title='bbox 800 1946 859 2030; x_wconf 86' lang='lat' dir='ltr'>fiat</span> <span class='ocrx_word' id='word_1_107' title='bbox 872 1949 1033 2036; x_wconf 78' lang='lat' dir='ltr'>ornicum,</span> 
     </span>
    </p>
   </div>
   <div class='ocr_carea' id='block_1_3' title="bbox 110 2114 1179 4136">
    <p class='ocr_par' dir='ltr' id='par_1_3' title="bbox 110 2114 1179 4136">
     <span class='ocr_line' id='line_1_16' title="bbox 142 2114 1170 2186; baseline -0.001 -19"><span class='ocrx_word' id='word_1_108' title='bbox 142 2115 614 2186; x_wconf 65' lang='lat' dir='ltr'>84.Islsriambe&#39;!1iasc.lltsiecapta›</span> <span class='ocrx_word' id='word_1_109' title='bbox 656 2123 657 2128; x_wconf 77' lang='grc'>’</span> <span class='ocrx_word' id='word_1_110' title='bbox 695 2134 735 2185; x_wconf 66' lang='lat' dir='ltr'>pr.</span> <span class='ocrx_word' id='word_1_111' title='bbox 748 2116 862 2165; x_wconf 73' lang='lat' dir='ltr'>Fortibus</span> <span class='ocrx_word' id='word_1_112' title='bbox 875 2114 1101 2169; x_wconf 63' lang='lat' dir='ltr'>adsueriltubecen</span> <span class='ocrx_word' id='word_1_113' title='bbox 1109 2136 1170 2182; x_wconf 79' lang='lat' dir='ltr'>pro-</span> 
     </span>
     <span class='ocr_line' id='line_1_17' title="bbox 110 2188 1172 2257; baseline 0.002 -12"><span class='ocrx_word' id='word_1_114' title='bbox 110 2193 158 2247; x_wconf 84' lang='lat' dir='ltr'>trix</span> <span class='ocrx_word' id='word_1_115' title='bbox 175 2192 270 2244; x_wconf 77' lang='lat' dir='ltr'>favoris</span> <span class='ocrx_word' id='word_1_116' title='bbox 287 2202 315 2244; x_wconf 90' lang='lat' dir='ltr'>et</span> <span class='ocrx_word' id='word_1_117' title='bbox 329 2190 520 2243; x_wconf 68' lang='lat' dir='ltr'>misericordie.</span> <span class='ocrx_word' id='word_1_118' title='bbox 536 2193 615 2246; x_wconf 77' lang='lat' dir='ltr'>tren.</span> <span class='ocrx_word' id='word_1_119' title='bbox 660 2194 740 2244; x_wconf 81' lang='lat' dir='ltr'>desse.</span> <span class='ocrx_word' id='word_1_120' title='bbox 756 2188 992 2257; x_wconf 78' lang='lat' dir='ltr'>Quemadmodum</span> <span class='ocrx_word' id='word_1_121' title='bbox 1005 2191 1032 2242; x_wconf 92' lang='lat' dir='ltr'>in</span> <span class='ocrx_word' id='word_1_122' title='bbox 1046 2192 1114 2246; x_wconf 85' lang='lat' dir='ltr'>bello</span> <span class='ocrx_word' id='word_1_123' title='bbox 1126 2206 1172 2250; x_wconf 85' lang='lat' dir='ltr'>to-</span> 
     </span>
     <span class='ocr_line' id='line_1_18' title="bbox 112 2266 1169 2339; baseline 0.002 -14"><span class='ocrx_word' id='word_1_124' title='bbox 112 2274 159 2327; x_wconf 89' lang='lat' dir='ltr'>Vel</span> <span class='ocrx_word' id='word_1_125' title='bbox 173 2285 201 2326; x_wconf 90' lang='lat' dir='ltr'>ut</span> <span class='ocrx_word' id='word_1_126' title='bbox 209 2273 235 2325; x_wconf 92' lang='lat' dir='ltr'>in</span> <span class='ocrx_word' id='word_1_127' title='bbox 247 2270 392 2326; x_wconf 77' lang='lat' dir='ltr'>obtinenda</span> <span class='ocrx_word' id='word_1_128' title='bbox 400 2270 465 2322; x_wconf 76' lang='lat' dir='ltr'>milri</span> <span class='ocrx_word' id='word_1_129' title='bbox 475 2270 552 2323; x_wconf 77' lang='lat' dir='ltr'>exsilii</span> <span class='ocrx_word' id='word_1_130' title='bbox 561 2290 615 2324; x_wconf 86' lang='lat' dir='ltr'>mu·</span> <span class='ocrx_word' id='word_1_131' title='bbox 662 2271 736 2323; x_wconf 83' lang='lat' dir='ltr'>bicen</span> <span class='ocrx_word' id='word_1_132' title='bbox 751 2279 829 2322; x_wconf 90' lang='lat' dir='ltr'>cantu</span> <span class='ocrx_word' id='word_1_133' title='bbox 838 2267 920 2321; x_wconf 79' lang='lat' dir='ltr'>sortes</span> <span class='ocrx_word' id='word_1_134' title='bbox 930 2266 1025 2320; x_wconf 79' lang='lat' dir='ltr'>milites</span> <span class='ocrx_word' id='word_1_135' title='bbox 1036 2273 1169 2339; x_wconf 81' lang='lat' dir='ltr'>accendit,</span> 
     </span>
     <span class='ocr_line' id='line_1_19' title="bbox 110 2346 1171 2419; baseline -0.006 -15"><span class='ocrx_word' id='word_1_136' title='bbox 110 2353 205 2406; x_wconf 86' lang='lat' dir='ltr'>tatione</span> <span class='ocrx_word' id='word_1_137' title='bbox 216 2351 340 2404; x_wconf 80' lang='lat' dir='ltr'>omnibus</span> <span class='ocrx_word' id='word_1_138' title='bbox 350 2349 456 2402; x_wconf 87' lang='lat' dir='ltr'>landem</span> <span class='ocrx_word' id='word_1_139' title='bbox 469 2349 614 2419; x_wconf 68' lang='lat' dir='ltr'>precipias,</span> <span class='ocrx_word' id='word_1_140' title='bbox 661 2350 783 2404; x_wconf 79' lang='lat' dir='ltr'>othonus</span> <span class='ocrx_word' id='word_1_141' title='bbox 796 2346 876 2399; x_wconf 87' lang='lat' dir='ltr'>etiam</span> <span class='ocrx_word' id='word_1_142' title='bbox 893 2346 1036 2414; x_wconf 83' lang='lat' dir='ltr'>imperator</span> <span class='ocrx_word' id='word_1_143' title='bbox 1049 2348 1171 2404; x_wconf 69' lang='lat' dir='ltr'>oratione</span> 
     </span>
     <span class='ocr_line' id='line_1_20' title="bbox 110 2421 1172 2500; baseline -0.005 -17"><span class='ocrx_word' id='word_1_144' title='bbox 110 2442 136 2486; x_wconf 87' lang='lat' dir='ltr'>et</span> <span class='ocrx_word' id='word_1_145' title='bbox 149 2430 253 2484; x_wconf 82' lang='lat' dir='ltr'>videare</span> <span class='ocrx_word' id='word_1_146' title='bbox 269 2432 327 2500; x_wconf 83' lang='lat' dir='ltr'>ejus</span> <span class='ocrx_word' id='word_1_147' title='bbox 344 2428 383 2481; x_wconf 86' lang='lat' dir='ltr'>rei</span> <span class='ocrx_word' id='word_1_148' title='bbox 398 2428 530 2483; x_wconf 73' lang='lat' dir='ltr'>adfectare</span> <span class='ocrx_word' id='word_1_149' title='bbox 542 2428 616 2498; x_wconf 86' lang='lat' dir='ltr'>prin·</span> <span class='ocrx_word' id='word_1_150' title='bbox 662 2425 799 2481; x_wconf 69' lang='lat' dir='ltr'>alacriores</span> <span class='ocrx_word' id='word_1_151' title='bbox 811 2422 897 2477; x_wconf 89' lang='lat' dir='ltr'>reddit</span> <span class='ocrx_word' id='word_1_152' title='bbox 910 2423 995 2481; x_wconf 72' lang='lat' dir='ltr'>:sicce</span> <span class='ocrx_word' id='word_1_153' title='bbox 1006 2421 1172 2478; x_wconf 75' lang='lat' dir='ltr'>diciteorno·</span> 
     </span>
     <span class='ocr_line' id='line_1_21' title="bbox 111 2501 1172 2578; baseline -0.006 -16"><span class='ocrx_word' id='word_1_154' title='bbox 111 2509 232 2578; x_wconf 82' lang='lat' dir='ltr'>cipatum.</span> <span class='ocrx_word' id='word_1_155' title='bbox 244 2508 330 2564; x_wconf 77' lang='lat' dir='ltr'>Poter-</span> <span class='ocrx_word' id='word_1_156' title='bbox 663 2505 700 2558; x_wconf 91' lang='lat' dir='ltr'>do</span> <span class='ocrx_word' id='word_1_157' title='bbox 711 2522 819 2558; x_wconf 83' lang='lat' dir='ltr'>uxorem</span> <span class='ocrx_word' id='word_1_158' title='bbox 833 2513 929 2573; x_wconf 74' lang='lat' dir='ltr'>sponte</span> <span class='ocrx_word' id='word_1_159' title='bbox 942 2501 1076 2558; x_wconf 85' lang='lat' dir='ltr'>incitatam</span> <span class='ocrx_word' id='word_1_160' title='bbox 1091 2501 1172 2556; x_wconf 83' lang='lat' dir='ltr'>etiam</span> 
     </span>
     <span class='ocr_line' id='line_1_22' title="bbox 144 2578 899 2658; baseline -0.007 -18"><span class='ocrx_word' id='word_1_161' title='bbox 144 2586 183 2640; x_wconf 86' lang='grc'>86.</span> <span class='ocrx_word' id='word_1_162' title='bbox 192 2588 288 2641; x_wconf 72' lang='lat' dir='ltr'>Claude</span> <span class='ocrx_word' id='word_1_163' title='bbox 298 2608 345 2641; x_wconf 82' lang='lat' dir='ltr'>nec</span> <span class='ocrx_word' id='word_1_164' title='bbox 352 2587 499 2658; x_wconf 77' lang='lat' dir='ltr'>officiipars</span> <span class='ocrx_word' id='word_1_165' title='bbox 506 2589 619 2646; x_wconf 63' lang='lat' dir='ltr'>‘err&#39;tnlla</span> <span class='ocrx_word' id='word_1_166' title='bbox 664 2582 772 2637; x_wconf 83' lang='lat' dir='ltr'>hortari.</span> <span class='ocrx_word' id='word_1_167' title='bbox 896 2578 899 2583; x_wconf 48' lang='lat'><em>¹</em></span> 
     </span>
     <span class='ocr_line' id='line_1_23' title="bbox 111 2662 1173 2739; baseline -0.004 -23"><span class='ocrx_word' id='word_1_168' title='bbox 111 2670 153 2717; x_wconf 68' lang='grc' dir='ltr'>Μ.</span> <span class='ocrx_word' id='word_1_169' title='bbox 166 2663 194 2719; x_wconf 83' lang='lat' dir='ltr'>Si</span> <span class='ocrx_word' id='word_1_170' title='bbox 205 2663 254 2720; x_wconf 90' lang='lat' dir='ltr'>hoc</span> <span class='ocrx_word' id='word_1_171' title='bbox 266 2666 349 2732; x_wconf 82' lang='lat' dir='ltr'>mihi,</span> <span class='ocrx_word' id='word_1_172' title='bbox 366 2666 469 2739; x_wconf 63' lang='lat' dir='ltr'>inquit,</span> <span class='ocrx_word' id='word_1_173' title='bbox 489 2666 618 2735; x_wconf 77' lang='lat' dir='ltr'>praestite·</span> <span class='ocrx_word' id='word_1_174' title='bbox 695 2666 737 2738; x_wconf 63' lang='lat'>94</span> <span class='ocrx_word' id='word_1_175' title='bbox 752 2666 793 2718; x_wconf 74' lang='lat' dir='ltr'>Sir</span> <span class='ocrx_word' id='word_1_176' title='bbox 802 2667 882 2715; x_wconf 61' lang='lat' dir='ltr'>ornas</span> <span class='ocrx_word' id='word_1_177' title='bbox 893 2667 971 2715; x_wconf 76' lang='lat' dir='ltr'>etim</span> <span class='ocrx_word' id='word_1_178' title='bbox 984 2680 1034 2715; x_wconf 77' lang='lat' dir='ltr'>aon</span> <span class='ocrx_word' id='word_1_179' title='bbox 1045 2662 1173 2726; x_wconf 64' lang='lat' dir='ltr'>probitate</span> 
     </span>
     <span class='ocr_line' id='line_1_24' title="bbox 112 2738 1173 2815; baseline -0.007 -16"><span class='ocrx_word' id='word_1_180' title='bbox 112 2744 160 2813; x_wconf 81' lang='lat' dir='ltr'>ris,</span> <span class='ocrx_word' id='word_1_181' title='bbox 174 2745 274 2805; x_wconf 75' lang='lat' dir='ltr'>ncillam</span> <span class='ocrx_word' id='word_1_182' title='bbox 289 2742 367 2801; x_wconf 82' lang='lat' dir='ltr'>officii</span> <span class='ocrx_word' id='word_1_183' title='bbox 380 2742 420 2800; x_wconf 83' lang='lat' dir='ltr'>tui</span> <span class='ocrx_word' id='word_1_184' title='bbox 432 2752 536 2815; x_wconf 73' lang='lat' dir='ltr'>partem</span> <span class='ocrx_word' id='word_1_185' title='bbox 545 2744 620 2800; x_wconf 79' lang='lat' dir='ltr'>desi·</span> <span class='ocrx_word' id='word_1_186' title='bbox 664 2749 750 2799; x_wconf 69' lang='lat' dir='ltr'>urinae</span> <span class='ocrx_word' id='word_1_187' title='bbox 761 2743 861 2797; x_wconf 74' lang='lat' dir='ltr'>Versus</span> <span class='ocrx_word' id='word_1_188' title='bbox 873 2742 969 2794; x_wconf 86' lang='lat' dir='ltr'>merito</span> <span class='ocrx_word' id='word_1_189' title='bbox 980 2750 1113 2808; x_wconf 79' lang='lat' dir='ltr'>suspectos</span> <span class='ocrx_word' id='word_1_190' title='bbox 1125 2738 1173 2792; x_wconf 83' lang='lat' dir='ltr'>mi-</span> 
     </span>
     <span class='ocr_line' id='line_1_25' title="bbox 111 2819 1173 2893; baseline -0.003 -17"><span class='ocrx_word' id='word_1_191' title='bbox 111 2820 219 2884; x_wconf 79' lang='lat' dir='ltr'>derabo;</span> <span class='ocrx_word' id='word_1_192' title='bbox 230 2831 257 2872; x_wconf 87' lang='lat' dir='ltr'>et</span> <span class='ocrx_word' id='word_1_193' title='bbox 267 2821 379 2893; x_wconf 76' lang='lat' dir='ltr'>omnies</span> <span class='ocrx_word' id='word_1_194' title='bbox 387 2830 460 2893; x_wconf 81' lang='lat' dir='ltr'>parte</span> <span class='ocrx_word' id='word_1_195' title='bbox 470 2819 620 2890; x_wconf 79' lang='lat' dir='ltr'>perlectum</span> <span class='ocrx_word' id='word_1_196' title='bbox 664 2823 781 2879; x_wconf 81' lang='lat' dir='ltr'><strong>hi.H.-</strong></span> <span class='ocrx_word' id='word_1_197' title='bbox 791 2824 1000 2877; x_wconf 84' lang='lat' dir='ltr'>Videturtamen</span> <span class='ocrx_word' id='word_1_198' title='bbox 1012 2830 1123 2889; x_wconf 77' lang='lat' dir='ltr'>purgato</span> <span class='ocrx_word' id='word_1_199' title='bbox 1132 2819 1173 2873; x_wconf 82' lang='lat' dir='ltr'>la-</span> 
     </span>
     <span class='ocr_line' id='line_1_26' title="bbox 110 2898 1174 2960; baseline -0.007 -3"><span class='ocrx_word' id='word_1_200' title='bbox 110 2900 161 2954; x_wconf 79' lang='lat' dir='ltr'>erlt</span> <span class='ocrx_word' id='word_1_201' title='bbox 172 2898 291 2952; x_wconf 68' lang='lat' dir='ltr'>officium</span> <span class='ocrx_word' id='word_1_202' title='bbox 305 2908 388 2952; x_wconf 67' lang='lat' dir='ltr'>tuum·</span> <span class='ocrx_word' id='word_1_203' title='bbox 665 2903 726 2957; x_wconf 79' lang='lat' dir='ltr'>cilis·</span> <span class='ocrx_word' id='word_1_204' title='bbox 744 2904 917 2960; x_wconf 70' lang='lat' dir='ltr'>probitatem,</span> <span class='ocrx_word' id='word_1_205' title='bbox 938 2900 964 2953; x_wconf 94' lang='lat' dir='ltr'>id</span> <span class='ocrx_word' id='word_1_206' title='bbox 985 2910 1024 2951; x_wconf 83' lang='lat' dir='ltr'>est</span> <span class='ocrx_word' id='word_1_207' title='bbox 1045 2916 1131 2951; x_wconf 83' lang='lat' dir='ltr'>mores</span> <span class='ocrx_word' id='word_1_208' title='bbox 1146 2908 1174 2950; x_wconf 87' lang='lat' dir='ltr'>et</span> 
     </span>
     <span class='ocr_line' id='line_1_27' title="bbox 144 2976 1175 3042; baseline 0.002 -14"><span class='ocrx_word' id='word_1_209' title='bbox 144 2977 183 3042; x_wconf 77' lang='lat'>87.</span> <span class='ocrx_word' id='word_1_210' title='bbox 203 2977 255 3027; x_wconf 85' lang='lat' dir='ltr'>Sed</span> <span class='ocrx_word' id='word_1_211' title='bbox 267 2993 317 3026; x_wconf 76' lang='lat' dir='ltr'>non</span> <span class='ocrx_word' id='word_1_212' title='bbox 332 2985 415 3028; x_wconf 74' lang='lat' dir='ltr'>lamen</span> <span class='ocrx_word' id='word_1_213' title='bbox 430 2980 556 3030; x_wconf 70' lang='lat' dir='ltr'>r&#39;nuidrbsa</span> <span class='ocrx_word' id='word_1_214' title='bbox 573 2997 621 3030; x_wconf 85' lang='lat' dir='ltr'>ro-</span> <span class='ocrx_word' id='word_1_215' title='bbox 666 2982 791 3034; x_wconf 77' lang='lat' dir='ltr'>allectum</span> <span class='ocrx_word' id='word_1_216' title='bbox 808 2978 896 3032; x_wconf 85' lang='lat' dir='ltr'>laudat</span> <span class='ocrx_word' id='word_1_217' title='bbox 913 3000 919 3039; x_wconf 87' lang='lat'><strong>;</strong></span> <span class='ocrx_word' id='word_1_218' title='bbox 942 2985 1069 3036; x_wconf 78' lang='lat' dir='ltr'>virtatem,</span> <span class='ocrx_word' id='word_1_219' title='bbox 1091 2976 1118 3029; x_wconf 88' lang='lat' dir='ltr'>id</span> <span class='ocrx_word' id='word_1_220' title='bbox 1135 2986 1175 3030; x_wconf 82' lang='lat' dir='ltr'>est</span> 
     </span>
     <span class='ocr_line' id='line_1_28' title="bbox 111 3051 1172 3122; baseline 0.002 -18"><span class='ocrx_word' id='word_1_221' title='bbox 111 3059 191 3120; x_wconf 70' lang='lat' dir='ltr'>ganlr&#39;.</span> <span class='ocrx_word' id='word_1_222' title='bbox 204 3051 257 3107; x_wconf 84' lang='lat' dir='ltr'>Sed</span> <span class='ocrx_word' id='word_1_223' title='bbox 271 3064 358 3106; x_wconf 86' lang='lat' dir='ltr'>tamen</span> <span class='ocrx_word' id='word_1_224' title='bbox 374 3052 473 3108; x_wconf 81' lang='lat' dir='ltr'>nullam</span> <span class='ocrx_word' id='word_1_225' title='bbox 489 3054 535 3109; x_wconf 89' lang='lat' dir='ltr'>tibi</span> <span class='ocrx_word' id='word_1_226' title='bbox 549 3056 619 3109; x_wconf 85' lang='lat' dir='ltr'>inri-</span> <span class='ocrx_word' id='word_1_227' title='bbox 666 3056 850 3111; x_wconf 79' lang='lat' dir='ltr'>fortitudinem</span> <span class='ocrx_word' id='word_1_228' title='bbox 860 3056 1023 3122; x_wconf 85' lang='lat' dir='ltr'>aliquantum</span> <span class='ocrx_word' id='word_1_229' title='bbox 1032 3053 1172 3107; x_wconf 84' lang='lat' dir='ltr'>desiderat:</span> 
     </span>
     <span class='ocr_line' id='line_1_29' title="bbox 114 3129 1175 3201; baseline 0.003 -19"><span class='ocrx_word' id='word_1_230' title='bbox 114 3129 183 3182; x_wconf 88' lang='lat' dir='ltr'>diam</span> <span class='ocrx_word' id='word_1_231' title='bbox 194 3131 461 3198; x_wconf 85' lang='lat' dir='ltr'>etdetrectationem,</span> <span class='ocrx_word' id='word_1_232' title='bbox 473 3151 520 3185; x_wconf 86' lang='lat' dir='ltr'>seu</span> <span class='ocrx_word' id='word_1_233' title='bbox 528 3133 620 3191; x_wconf 81' lang='lat' dir='ltr'>odium</span> <span class='ocrx_word' id='word_1_234' title='bbox 667 3135 693 3189; x_wconf 91' lang='lat' dir='ltr'>id</span> <span class='ocrx_word' id='word_1_235' title='bbox 702 3139 829 3188; x_wconf 70' lang='lat' dir='ltr'>ulricum</span> <span class='ocrx_word' id='word_1_236' title='bbox 837 3131 908 3201; x_wconf 88' lang='lat' dir='ltr'>quod</span> <span class='ocrx_word' id='word_1_237' title='bbox 919 3132 1064 3197; x_wconf 70' lang='lat' dir='ltr'>processit,</span> <span class='ocrx_word' id='word_1_238' title='bbox 1076 3142 1130 3184; x_wconf 79' lang='lat' dir='ltr'>tuta</span> <span class='ocrx_word' id='word_1_239' title='bbox 1138 3152 1175 3185; x_wconf 80' lang='lat' dir='ltr'>re·</span> 
     </span>
     <span class='ocr_line' id='line_1_30' title="bbox 114 3209 1175 3279; baseline 0.001 -16"><span class='ocrx_word' id='word_1_240' title='bbox 114 3209 289 3263; x_wconf 83' lang='lat' dir='ltr'>conciliatura.</span> <span class='ocrx_word' id='word_1_241' title='bbox 662 3215 844 3279; x_wconf 66' lang='lat' dir='ltr'>pulsationes!</span> <span class='ocrx_word' id='word_1_242' title='bbox 856 3231 862 3262; x_wconf 74' lang='grc' dir='ltr'><strong>ι</strong></span> <span class='ocrx_word' id='word_1_243' title='bbox 874 3209 1009 3277; x_wconf 80' lang='lat' dir='ltr'>sequentia</span> <span class='ocrx_word' id='word_1_244' title='bbox 1023 3228 1086 3262; x_wconf 83' lang='lat' dir='ltr'>vero</span> <span class='ocrx_word' id='word_1_245' title='bbox 1098 3229 1175 3279; x_wconf 78' lang='lat' dir='ltr'>aper·</span> 
     </span>
     <span class='ocr_line' id='line_1_31' title="bbox 147 3287 1179 3358; baseline 0.002 -16"><span class='ocrx_word' id='word_1_246' title='bbox 147 3287 186 3342; x_wconf 83' lang='lat'>88.</span> <span class='ocrx_word' id='word_1_247' title='bbox 201 3289 281 3356; x_wconf 75' lang='lat' dir='ltr'>thue</span> <span class='ocrx_word' id='word_1_248' title='bbox 289 3306 320 3340; x_wconf 84' lang='lat' dir='ltr'>ea</span> <span class='ocrx_word' id='word_1_249' title='bbox 328 3306 376 3340; x_wconf 79' lang='lat' dir='ltr'>aon</span> <span class='ocrx_word' id='word_1_250' title='bbox 386 3297 480 3342; x_wconf 77' lang='lat' dir='ltr'>terreas.</span> <span class='ocrx_word' id='word_1_251' title='bbox 489 3288 525 3342; x_wconf 84' lang='lat' dir='ltr'>Et</span> <span class='ocrx_word' id='word_1_252' title='bbox 532 3307 622 3358; x_wconf 79' lang='lat' dir='ltr'>quam·</span> <span class='ocrx_word' id='word_1_253' title='bbox 667 3290 855 3345; x_wconf 82' lang='lat' dir='ltr'>tiosdeclarant</span> <span class='ocrx_word' id='word_1_254' title='bbox 863 3311 870 3351; x_wconf 84' lang='lat'><strong>;</strong></span> <span class='ocrx_word' id='word_1_255' title='bbox 879 3287 941 3341; x_wconf 84' lang='lat' dir='ltr'>illud</span> <span class='ocrx_word' id='word_1_256' title='bbox 951 3290 1096 3358; x_wconf 74' lang='lat' dir='ltr'>praecipue,</span> <span class='ocrx_word' id='word_1_257' title='bbox 1108 3289 1179 3356; x_wconf 69' lang='lat' dir='ltr'>&lt;tert</span> 
     </span>
     <span class='ocr_line' id='line_1_32' title="bbox 114 3363 1004 3435; baseline 0.001 -20"><span class='ocrx_word' id='word_1_258' title='bbox 114 3365 153 3417; x_wconf 83' lang='lat' dir='ltr'>vis</span> <span class='ocrx_word' id='word_1_259' title='bbox 168 3383 222 3416; x_wconf 87' lang='lat' dir='ltr'>non</span> <span class='ocrx_word' id='word_1_260' title='bbox 235 3363 352 3417; x_wconf 82' lang='lat' dir='ltr'>obtineas</span> <span class='ocrx_word' id='word_1_261' title='bbox 361 3384 419 3433; x_wconf 78' lang='lat' dir='ltr'>quae</span> <span class='ocrx_word' id='word_1_262' title='bbox 428 3384 477 3433; x_wconf 87' lang='lat' dir='ltr'>pro</span> <span class='ocrx_word' id='word_1_263' title='bbox 487 3385 531 3419; x_wconf 89' lang='lat' dir='ltr'>me</span> <span class='ocrx_word' id='word_1_264' title='bbox 542 3375 622 3433; x_wconf 78' lang='lat' dir='ltr'>petes.</span> <span class='ocrx_word' id='word_1_265' title='bbox 668 3372 792 3435; x_wconf 58' lang='lat' dir='ltr'>trepidas,</span> <span class='ocrx_word' id='word_1_266' title='bbox 807 3377 833 3421; x_wconf 77' lang='lat' dir='ltr'>et</span> <span class='ocrx_word' id='word_1_267' title='bbox 842 3370 1004 3419; x_wconf 77' lang='lat' dir='ltr'>ade&#39;retrirrcs.</span> 
     </span>
     <span class='ocr_line' id='line_1_33' title="bbox 114 3442 1179 3519; baseline 0.004 -23"><span class='ocrx_word' id='word_1_268' title='bbox 114 3472 147 3482; x_wconf 93' lang='lat'>—</span> <span class='ocrx_word' id='word_1_269' title='bbox 158 3445 227 3496; x_wconf 75' lang='lat' dir='ltr'>Tuta</span> <span class='ocrx_word' id='word_1_270' title='bbox 236 3445 338 3509; x_wconf 81' lang='lat' dir='ltr'>repulsa</span> <span class='ocrx_word' id='word_1_271' title='bbox 348 3452 444 3496; x_wconf 80' lang='lat' dir='ltr'>tuaest.</span> <span class='ocrx_word' id='word_1_272' title='bbox 457 3442 486 3497; x_wconf 87' lang='lat' dir='ltr'>Si</span> <span class='ocrx_word' id='word_1_273' title='bbox 498 3442 623 3510; x_wconf 75' lang='lat' dir='ltr'>rejicietis</span> <span class='ocrx_word' id='word_1_274' title='bbox 701 3451 741 3519; x_wconf 85' lang='grc'>95.</span> <span class='ocrx_word' id='word_1_275' title='bbox 754 3450 807 3501; x_wconf 85' lang='lat' dir='ltr'>Nec</span> <span class='ocrx_word' id='word_1_276' title='bbox 818 3451 869 3499; x_wconf 67' lang='lat' dir='ltr'>reti</span> <span class='ocrx_word' id='word_1_277' title='bbox 878 3445 1025 3498; x_wconf 74' lang='lat' dir='ltr'>Amazoar&#39;a</span> <span class='ocrx_word' id='word_1_278' title='bbox 1035 3456 1081 3498; x_wconf 78' lang='lat' dir='ltr'>est.</span> <span class='ocrx_word' id='word_1_279' title='bbox 1093 3452 1126 3502; x_wconf 74' lang='grc' dir='ltr'>Τι’</span> <span class='ocrx_word' id='word_1_280' title='bbox 1138 3458 1179 3500; x_wconf 77' lang='lat' dir='ltr'>est</span> 
     </span>
     <span class='ocr_line' id='line_1_34' title="bbox 115 3517 1176 3591; baseline 0.008 -19"><span class='ocrx_word' id='word_1_281' title='bbox 115 3541 142 3573; x_wconf 87' lang='lat' dir='ltr'>re</span> <span class='ocrx_word' id='word_1_282' title='bbox 153 3520 267 3588; x_wconf 87' lang='lat' dir='ltr'>insecta,</span> <span class='ocrx_word' id='word_1_283' title='bbox 280 3517 387 3572; x_wconf 84' lang='lat' dir='ltr'>nihilob</span> <span class='ocrx_word' id='word_1_284' title='bbox 398 3520 424 3573; x_wconf 93' lang='lat' dir='ltr'>id</span> <span class='ocrx_word' id='word_1_285' title='bbox 435 3520 482 3574; x_wconf 88' lang='lat' dir='ltr'>tibi</span> <span class='ocrx_word' id='word_1_286' title='bbox 493 3519 554 3572; x_wconf 85' lang='lat' dir='ltr'>mali</span> <span class='ocrx_word' id='word_1_287' title='bbox 563 3536 623 3575; x_wconf 78' lang='lat' dir='ltr'>wn-</span> <span class='ocrx_word' id='word_1_288' title='bbox 670 3524 746 3578; x_wconf 89' lang='lat' dir='ltr'>multi</span> <span class='ocrx_word' id='word_1_289' title='bbox 757 3524 858 3578; x_wconf 83' lang='lat' dir='ltr'>codices</span> <span class='ocrx_word' id='word_1_290' title='bbox 869 3543 924 3576; x_wconf 89' lang='lat' dir='ltr'>non</span> <span class='ocrx_word' id='word_1_291' title='bbox 937 3524 1176 3591; x_wconf 62' lang='lat' dir='ltr'>agnoscuntd&#39;orte</span> 
     </span>
     <span class='ocr_line' id='line_1_35' title="bbox 116 3599 1176 3670; baseline 0.003 -18"><span class='ocrx_word' id='word_1_292' title='bbox 116 3603 206 3670; x_wconf 78' lang='lat' dir='ltr'>tinget.</span> <span class='ocrx_word' id='word_1_293' title='bbox 671 3599 1176 3658; x_wconf 67' lang='lat' dir='ltr'>,taa1021assecun&#39;s.Gmaenunoa-</span> 
     </span>
     <span class='ocr_line' id='line_1_36' title="bbox 148 3673 864 3748; baseline 0 -18"><span class='ocrx_word' id='word_1_294' title='bbox 148 3698 188 3748; x_wconf 84' lang='grc' dir='ltr'>9ο.</span> <span class='ocrx_word' id='word_1_295' title='bbox 205 3680 337 3748; x_wconf 74' lang='lat' dir='ltr'>Utsacr&#39;ers</span> <span class='ocrx_word' id='word_1_296' title='bbox 348 3674 499 3746; x_wconf 73' lang='lat' dir='ltr'>quodfacis.</span> <span class='ocrx_word' id='word_1_297' title='bbox 506 3675 548 3728; x_wconf 87' lang='lat' dir='ltr'>Ut</span> <span class='ocrx_word' id='word_1_298' title='bbox 559 3673 623 3730; x_wconf 68' lang='lat' dir='ltr'>m&#39;lai</span> <span class='ocrx_word' id='word_1_299' title='bbox 672 3681 751 3735; x_wconf 75' lang='lat' dir='ltr'>tione.</span> <span class='ocrx_word' id='word_1_300' title='bbox 764 3681 864 3734; x_wconf 71' lang='lat' dir='ltr'>Barros.</span> 
     </span>
     <span class='ocr_line' id='line_1_37' title="bbox 119 3751 1176 3831; baseline 0.005 -27"><span class='ocrx_word' id='word_1_301' title='bbox 119 3754 266 3822; x_wconf 85' lang='lat' dir='ltr'>opituleris,</span> <span class='ocrx_word' id='word_1_302' title='bbox 280 3752 507 3824; x_wconf 83' lang='lat' dir='ltr'>quemadmodum</span> <span class='ocrx_word' id='word_1_303' title='bbox 516 3751 625 3827; x_wconf 44' lang='lat' dir='ltr'>sacia-s·</span> <span class='ocrx_word' id='word_1_304' title='bbox 701 3761 742 3831; x_wconf 91' lang='grc'>96.</span> <span class='ocrx_word' id='word_1_305' title='bbox 755 3762 886 3828; x_wconf 73' lang='lat' dir='ltr'>Aetpella</span> <span class='ocrx_word' id='word_1_306' title='bbox 897 3764 992 3814; x_wconf 72' lang='lat' dir='ltr'>excr&#39;sa.</span> <span class='ocrx_word' id='word_1_307' title='bbox 1007 3760 1062 3816; x_wconf 77' lang='lat' dir='ltr'>Aur</span> <span class='ocrx_word' id='word_1_308' title='bbox 1073 3771 1176 3816; x_wconf 78' lang='lat' dir='ltr'>acutum</span> 
     </span>
     <span class='ocr_line' id='line_1_38' title="bbox 125 3833 1174 3906; baseline -0.002 -20"><span class='ocrx_word' id='word_1_309' title='bbox 125 3834 205 3902; x_wconf 80' lang='lat' dir='ltr'>Teque</span> <span class='ocrx_word' id='word_1_310' title='bbox 213 3838 314 3887; x_wconf 67' lang='lat' dir='ltr'>licitere.</span> <span class='ocrx_word' id='word_1_311' title='bbox 324 3835 431 3903; x_wconf 71' lang='lat' dir='ltr'>Etrogo</span> <span class='ocrx_word' id='word_1_312' title='bbox 440 3834 535 3897; x_wconf 87' lang='lat' dir='ltr'>etiam,</span> <span class='ocrx_word' id='word_1_313' title='bbox 547 3843 625 3890; x_wconf 76' lang='lat' dir='ltr'>utve·</span> <span class='ocrx_word' id='word_1_314' title='bbox 671 3836 704 3888; x_wconf 95' lang='lat' dir='ltr'>ad</span> <span class='ocrx_word' id='word_1_315' title='bbox 714 3833 914 3889; x_wconf 83' lang='lat' dir='ltr'>similitudinem</span> <span class='ocrx_word' id='word_1_316' title='bbox 926 3836 995 3892; x_wconf 69' lang='lat' dir='ltr'>luno</span> <span class='ocrx_word' id='word_1_317' title='bbox 1004 3838 1059 3906; x_wconf 80' lang='lat' dir='ltr'>jam</span> <span class='ocrx_word' id='word_1_318' title='bbox 1067 3834 1174 3896; x_wconf 70' lang='lat' dir='ltr'>medin,</span> 
     </span>
     <span class='ocr_line' id='line_1_39' title="bbox 122 3909 1044 3980; baseline 0.001 -15"><span class='ocrx_word' id='word_1_319' title='bbox 122 3913 152 3966; x_wconf 90' lang='lat' dir='ltr'>lis</span> <span class='ocrx_word' id='word_1_320' title='bbox 165 3931 251 3965; x_wconf 84' lang='lat' dir='ltr'>mores</span> <span class='ocrx_word' id='word_1_321' title='bbox 262 3921 290 3962; x_wconf 83' lang='lat' dir='ltr'>et</span> <span class='ocrx_word' id='word_1_322' title='bbox 300 3921 419 3967; x_wconf 80' lang='lat' dir='ltr'>naturam</span> <span class='ocrx_word' id='word_1_323' title='bbox 432 3921 503 3964; x_wconf 83' lang='lat' dir='ltr'>tuam</span> <span class='ocrx_word' id='word_1_324' title='bbox 511 3909 625 3979; x_wconf 75' lang='lat' dir='ltr'>imitari,</span> <span class='ocrx_word' id='word_1_325' title='bbox 672 3930 725 3980; x_wconf 83' lang='lat' dir='ltr'>quo</span> <span class='ocrx_word' id='word_1_326' title='bbox 736 3914 884 3967; x_wconf 74' lang='lat' dir='ltr'>Amazones</span> <span class='ocrx_word' id='word_1_327' title='bbox 895 3915 1044 3969; x_wconf 67' lang='lat' dir='ltr'>nubantur.</span> 
     </span>
     <span class='ocr_line' id='line_1_40' title="bbox 122 3985 1177 4061; baseline -0.009 -17"><span class='ocrx_word' id='word_1_328' title='bbox 122 3986 626 4061; x_wconf 76' lang='lat' dir='ltr'>quasolesspontesemperdeomnihua</span> <span class='ocrx_word' id='word_1_329' title='bbox 704 3985 1177 4059; x_wconf 66' lang='lat' dir='ltr'>opNaoreaadoraadmestPernu·</span> 
     </span>
     <span class='ocr_line' id='line_1_41' title="bbox 120 4054 1177 4136; baseline -0.013 -11"><span class='ocrx_word' id='word_1_330' title='bbox 120 4069 186 4125; x_wconf 85' lang='lat' dir='ltr'>bene</span> <span class='ocrx_word' id='word_1_331' title='bbox 201 4065 309 4121; x_wconf 85' lang='lat' dir='ltr'>mereri.</span> <span class='ocrx_word' id='word_1_332' title='bbox 674 4083 760 4135; x_wconf 84' lang='lat' dir='ltr'>men,</span> <span class='ocrx_word' id='word_1_333' title='bbox 780 4066 929 4136; x_wconf 74' lang='lat' dir='ltr'>Augustum</span> <span class='ocrx_word' id='word_1_334' title='bbox 947 4062 1069 4127; x_wconf 74' lang='lat' dir='ltr'>intellige.</span> <span class='ocrx_word' id='word_1_335' title='bbox 1090 4054 1177 4111; x_wconf 82' lang='lat' dir='ltr'>Docet</span> 
     </span>
    </p>
   </div>
   <div class='ocr_carea' id='block_1_4' title="bbox 0 0 1384 4702">
    <p class='ocr_par' dir='ltr' id='par_1_4' title="bbox 0 0 1384 4702">
     <span class='ocr_line' id='line_1_42' title="bbox 0 0 1384 4702; baseline 0 0"><span class='ocrx_word' id='word_1_336' title='bbox 0 0 1384 4702; x_wconf 95' lang='lat' dir='ltr'> </span> 
     </span>
    </p>
   </div>
  </div>
 </body>
</html>
