2722 4702
316 303 582 374 rnrsrruu
609 308 710 376 nro.
742 309 787 378 v.
816 310 962 415 enno.
991 314 1059 381 rv.
1140 319 1206 383 ,ιε

153 446 229 521 Fert
244 463 368 533 tamen,
384 463 424 519 ut
440 446 554 534 debet,
572 475 666 522 casus
682 448 844 548 patienter
859 477 1004 541 amaros,
1175 477 1208 528 15

199 565 296 637 More
312 592 372 637 nec
389 563 539 637 indomiti
553 563 651 638 fraena
667 584 795 639 recusat
810 566 908 666 equi:

151 680 219 751 Nee
232 676 302 750 sore
320 695 510 778 perpetuam
526 696 636 779 sperat
651 679 716 752 sibi
730 679 876 754 numinis
892 681 991 769 uam,

102 829 107 841 ·
200 795 358 869 Conscius
373 793 409 866 in
426 793 520 896 culpa
536 824 604 868 non
620 793 727 870 scelus
742 823 811 870 esee
829 824 898 870 aua.

151 912 241 1012 Saepe
257 913 371 1001 refert,
388 913 431 987 eit
450 930 572 1013 quanta
588 912 651 984 Dei
666 912 835 988 clementia
847 910 862 1002 ;¹
872 913 965 1010 cnjus

197 1031 240 1103 Se
257 1059 389 1131 quoqne
406 1031 442 1102 in
461 1028 618 1130 exemplis
635 1029 846 1104 adnumerare
863 1028 967 1106 solet:
1030 1045 1034 1055 ¹
1172 1077 1205 1113 ao

151 1144 231 1218 Nam
249 1146 340 1246 quod
357 1173 435 1247 opes
455 1163 564 1219 teneat
578 1144 720 1246 patriae,
738 1146 829 1245 quod
845 1146 982 1220 nomina
995 1146 1092 1238 civis,

196 1261 347 1362 Denique
387 1261 455 1335 uod
470 1261 574 1347 vivat,
593 1289 714 1334 munus
731 1259 851 1334 habere
867 1261 940 1335 Dei.

151 1377 195 1453 Te
213 1397 341 1467 tamen,
358 1406 396 1451 o.
414 1376 443 1451 si
461 1377 543 1478 quid
559 1375 664 1450 credie
680 1376 761 1451 mihi
777 1377 895 1465 carior,
912 1377 987 1468 ille,

195 1494 378 1581 Omnibus,
387 1494 430 1567 in
445 1511 516 1566 toto
534 1511 666 1593 pectore
680 1520 808 1594 semper
822 1493 941 1567 habet:

151 1607 256 1708 Teque
271 1610 512 1698 Menoetiadn,
530 1626 561 1682 te
578 1610 636 1710 qui
654 1608 820 1682 comitavit
837 1610 994 1700 Oresten,
1171 1635 1203 1688 25

192 1725 240 1796 Te
256 1744 352 1798 vocat
368 1725 527 1822 AEgiden,
545 1724 791 1826 Euryalumque
808 1754 925 1800 suum:

150 1836 215 1908 Nec
231 1839 370 1937 patriam
385 1843 487 1937 magis
503 1840 560 1915 ille
576 1869 667 1915 suam
685 1841 865 1930 desiderat,
884 1860 916 1916 et
930 1871 1003 1943 qnae

198 1948 343 2025 Plurima
361 1982 433 2028 cum
447 1957 551 2056 patria
567 1957 668 2033 sentit
683 1958 796 2030 abesae
812 1985 889 2045 sua;

96 2070 103 2091 ‘
152 2067 258 2163 Quam
276 2064 405 2155 vultus,
425 2069 599 2172 oculosque
616 2091 713 2153 tuos,
733 2101 754 2145 o
773 2071 901 2147 dulcior
915 2072 974 2145 illo

196 2183 313 2272 Melle,
333 2185 425 2287 quod
441 2187 476 2259 in
492 2188 572 2263 cerie
586 2189 698 2263 Attica
714 2189 812 2289 ponit
827 2189 923 2290 apis!
1093 2180 1119 2217 ²
1171 2210 1205 2263 to

150 2296 236 2398 Saepe
254 2301 368 2386 etiam,
384 2327 526 2375 moerens
541 2318 669 2404 tempus
684 2301 904 2377 reminiscitur
918 2300 1017 2390 illud,
1103 2332 1106 2337 ‘

193 2415 293 2511 Quod
308 2444 378 2489 non
394 2434 592 2516 preventum
609 2435 715 2492 morte
729 2417 832 2494 fuisse
849 2416 946 2492 dolet.

149 2576 252 2632 tietatus
267 2579 373 2633 oscetin
384 2578 442 2647 itto,
458 2580 497 2635 Ut
508 2580 575 2635 mihi
589 2581 647 2647 (vel
696 2589 735 2632 tra
743 2588 858 2634 metrum
870 2599 877 2633 ι
888 2582 957 2648 dim
967 2579 1053 2648 refert,
1063 2596 1117 2648 pec
1128 2588 1201 2635 rante

147 2653 201 2721 sibi)
210 2655 317 2711 tristitie
324 2676 400 2711 causa
409 2657 525 2712 docenda
535 2656 618 2716 foret!
632 2678 647 2703 a
693 2659 748 2711 Dei
757 2658 866 2714 Putean.
874 2662 1002 2725 paterere
1012 2657 1110 2711 lovan.

148 2731 252 2787 Utinam
264 2735 328 2788 miti
338 2773 346 2801 ,
355 2744 440 2802 poetae
449 2745 545 2798 ,atatus
551 2735 595 2789 itte
604 2753 648 2786 ee·
726 2755 766 2789 ao.
773 2739 942 2791 Adaeum
948 2740 1021 2791 solet.
1032 2739 1198 2790 conumera-

144 2822 194 2876 aet,
207 2823 236 2865 ut
243 2811 333 2864 liceret
341 2831 459 2873 caueam,
470 2812 581 2864 minime
589 2828 647 2862 ma·
691 2833 719 2868 re
730 2813 856 2868 Arondei
868 2812 967 2869 Hm&

144 2887 282 2951 intestam,
295 2888 402 2944 tristitie
408 2886 552 2943 oilerezaed
562 2903 648 2955 quum
698 2906 703 2927 ¹
726 2914 765 2945 ar.
773 2896 839 2946 Nare
849 2893 919 2959 quad
925 2911 991 2960 opes.
1002 2896 1064 2962 ,lam
1076 2892 1196 2947 nonnulii

146 2964 439 3034 iltaaitomnibueuota,
452 2964 648 3036 quiamneie·
693 2987 725 3022 ex
735 2965 962 3036 prestantior-ibus.
976 2969 1077 3022 Hune.

124 3101 127 3106 ,
146 3055 202 3098 ctus
210 3046 237 3099 in
245 3041 647 3110 momentaneum-llam
726 3044 1197 3100 ‚tcanusiltecarrormutriexme

147 3124 175 3178 in
185 3143 217 3177 eo
226 3135 376 3181 emetatatue
383 3145 472 3192 mem,
484 3123 645 3179 utdeberem
692 3123 815 3189 lioribue,
827 3132 858 3175 ut
868 3132 895 3175 et
903 3122 991 3189 prisce
999 3121 1127 3176 editiones
1136 3143 1143 3176 :
1152 3144 1197 3179 re·

146 3204 241 3259 dooere
253 3223 352 3258 causan
370 3205 491 3269 tristitie,
509 3204 537 3258 id
547 3214 601 3272 eat,
615 3215 646 3259 ut
693 3212 748 3266 ete,
756 3201 778 3257 ei
789 3200 955 3255 distinctione
966 3201 1053 3255 locum
1062 3201 1152 3271 erigam
1160 3204 1196 3257 H.

145 3281 173 3335 in
182 3282 226 3336 tati
234 3282 289 3336 ioco
297 3301 375 3338 essem
385 3284 496 3353 positus,
507 3282 583 3351 cuiue
588 3299 645 3335 non
721 3282 760 3333 25.
770 3282 991 3348 Tepur'comitatus
999 3280 1110 3333 Oresten.
1117 3282 1195 3335 Corri-

143 3362 293 3430 poeniteret‚
301 3360 322 3413 si
329 3380 402 3430 poena
409 3361 512 3417 crimini
518 3377 580 3414 meo
585 3378 645 3413 con·
692 3368 761 3412 tatur
770 3355 892 3411 nonnulli
902 3377 909 3420 ;
921 3362 1051 3412 comitant
1060 3357 1194 3427 fragmen·

141 3439 270 3504 ferretur,
280 3448 307 3495 et
319 3438 413 3506 iniuria
420 3459 463 3492 me
471 3437 546 3508 queri
553 3454 644 3492 omnen
693 3445 751 3488 turn
762 3436 929 3489 Vaticanum.
944 3435 1011 3490 Vide
1025 3437 1104 3493 Notae
1116 3440 1140 3494 Τ
1141 3440 1194 3496 riet.

142 3517 267 3574 dicerent.
289 3521 326 3572 Ut
342 3520 405 3570 medi
423 3516 508 3571 estin
528 3514 644 3585 quinque
691 3512 735 3568 tib.
748 3513 986 3585 1,Eieg.vnr,re.
999 3516 1193 3574 3r.H.-Me-

145 3600 252 3667 scriptia
267 3601 304 3652 Is!
311 3598 395 3653 sibr'in
404 3593 643 3651 Vossiano.Buu.
692 3593 824 3646 netr'ader.
837 3590 1029 3648 Amicissimum
1040 3617 1047 3657 ;
1059 3606 1089 3648 nt
1099 3597 1193 3650 Patro-

181 3681 216 3730 15.
233 3680 290 3730 Fert
305 3686 451 3735 tamenetc.
464 3673 643 3738 Virtutum,
691 3671 760 3735 clus,
774 3670 894 3726 Menoetii
905 3670 984 3736 fitius,
998 3671 1092 3725 Achilli
1102 3672 1159 3726 suit.

150 3760 179 3801 ut
193 3754 328 3808 secundam
345 3754 480 3806 fortunam
494 3750 643 3814 moderate,
726 3751 763 3803 at.
782 3752 894 3819 AEpr'derr.
912 3750 1060 3816 Theseum,
1082 3750 1191 3805 Pirithoi

149 3828 184 3881 ita
196 3828 324 3884 adversam
333 3834 402 3885 [erre
413 3830 551 3899 patienter.
556 3827 643 3883 Pon·
693 3830 817 3897 amicum,
827 3830 902 3901 AEgei
910 3829 1000 3882 filium.
1009 3832 1191 3902 Euryalumque

182 3927 219 3974 ¹7·
233 3908 353 3960 Num'rc's.
366 3907 482 3978 Augusti.
496 3907 574 3959 Mu.
690 3907 864 3962 seumNiaiet
873 3906 1189 3979 Euryaliamornotueeet

181 4003 218 4055 19.
231 3983 298 4050 Saepe
307 3986 389 4051 refert.
401 3986 467 4052 Sope
479 3981 555 4049 refert
563 4002 643 4038 secum
692 3985 806 4039 carmine
815 3984 965 4054 virgiliano.

147 4068 179 4117 sir
189 4072 288 4133 quanta
299 4067 428 4118 clementia
438 4062 567 4118 hidensis
580 4083 644 4149 cpp-
725 4065 764 4116 28.
771 4067 1004 4119 Sente'tabessesr'br'.
1012 4065 1062 4114 ὅπα
1069 4055 1142 4109 multi
1150 4075 1191 4107 re·
