2722 4702
271 369 336 436 ex
360 368 540 435 rouro
560 370 658 437 ma.
683 370 751 437 rv.
776 368 941 440 amsa.
968 372 1079 439 v111.
1134 372 1199 456 443

142 511 219 582 Non
238 508 316 582 sinit
331 507 387 583 illa
403 509 455 582 sui
471 537 568 584 vanas
583 507 740 583 antistitis
756 536 903 609 unquam
1170 533 1202 584 25

190 625 273 696 Esse
290 648 423 724 preces:
441 624 564 697 nostris
582 624 660 697 hinc
675 642 751 724 pete
766 624 867 698 rebus
884 650 990 726 opem.

144 736 339 833 Quamlibet
355 739 471 833 exigua
487 738 513 812 si
532 768 594 811 nos
611 767 647 813 ea
662 738 781 836 juverit
798 766 893 826 aura,

195 853 328 927 Obruta
345 854 383 928 de
399 856 515 929 mediis
532 856 647 956 cymba
665 872 815 950 resurget
827 856 932 955 aquis.

145 969 240 1041 Tunc
258 999 321 1065 ego
337 987 410 1043 tura
425 972 525 1045 seram
542 971 667 1073 rapidis
685 970 844 1046 solemnia
859 972 1016 1063 llammis;

194 1087 257 1171 Et,
278 1084 403 1159 valeant
420 1106 578 1187 quantum
593 1089 746 1174 numina,
767 1089 860 1163 testis
877 1116 944 1162 ero.
1176 1110 1209 1162 30

145 1202 215 1274 Nec
232 1201 294 1274 tibi
310 1202 350 1276 de
365 1204 461 1277 Pario
478 1223 639 1291 statuam,
659 1205 872 1294 Germanice,
892 1204 1050 1306 templum

197 1316 386 1391 Marmore:
405 1321 528 1420 carpsit
546 1348 625 1420 opes
645 1319 700 1393 illa
717 1320 812 1393 ruina
826 1345 924 1392 meas.

147 1433 284 1534 Templa
302 1435 419 1509 domus
436 1437 531 1511 vobis
546 1438 670 1510 saciant
683 1437 849 1536 urbesque
865 1437 990 1512 beatae:

197 1551 286 1623 Naso
304 1552 373 1625 suis
391 1552 534 1653 opibus,
553 1554 712 1640 carmine,
731 1569 843 1649 gratus
859 1554 929 1625 erit.

149 1662 252 1736 Parva
269 1664 401 1762 quidem
418 1666 526 1739 latcor
542 1695 604 1767 pro
620 1667 749 1762 magnis
766 1695 901 1742 munera
916 1668 1024 1756 reddi,
1183 1689 1215 1742 35

200 1780 315 1874 Quum
333 1807 394 1878 pro
410 1810 567 1856 concessa
581 1783 681 1856 verba
696 1783 800 1857 salute
816 1784 941 1859 damus.

152 1893 218 1966 Sed
234 1894 311 1992 qui,
330 1898 575 1997 quampotuit,
594 1899 652 1972 dat
670 1901 830 1988 maxima,
849 1919 962 1994 gratus
977 1901 1108 1976 abunde
1121 1920 1191 1990 est;

201 2006 247 2078 Et
263 2005 361 2079 finem
376 2008 480 2108 pietas
497 2013 638 2108 contigit
654 2012 710 2086 illa
728 2043 834 2087 sumn.

152 2125 243 2211 Nec,
263 2153 334 2224 quae
351 2124 391 2197 de
410 2155 508 2227 parva
525 2129 587 2201 lta
604 2157 729 2231 pauper
745 2129 828 2203 libat
847 2158 975 2216 acerra,
1028 2137 1032 2145 ’
1094 2133 1096 2139 ’

201 2246 292 2317 Tura
309 2244 436 2330 minus,
457 2245 572 2338 grandi
591 2275 690 2345 quam
706 2247 781 2319 data
799 2244 1052 2333 lance„raleut:
1187 2270 1220 2336 40

154 2363 316 2461 Agnaque
333 2378 399 2433 tam
415 2359 555 2448 lactens,
576 2390 673 2461 quam
691 2362 835 2458 gramine
850 2381 945 2464 pasta
960 2361 1089 2437 Falisco

204 2480 364 2567 Victima,
382 2479 542 2580 Tarpeios
559 2477 665 2553 inficit
682 2481 745 2553 icta
762 2480 866 2556 locos.

156 2593 225 2666 Nec
241 2592 367 2679 tarneiu,
386 2593 496 2667 ollicio
510 2612 620 2668 vatum
637 2622 697 2693 per
715 2595 856 2668 carmina
871 2594 978 2682 facto,

205 2709 418 2810 Principibus
434 2740 487 2783 res
503 2729 552 2784 est
572 2712 697 2805 gratior
711 2711 778 2784 ulla
795 2712 883 2784 viris.

159 2829 310 2900 Carmina
328 2844 509 2900 vestrarum
527 2844 690 2927 peragunt
708 2829 872 2929 preconia
891 2827 1044 2903 laudum:
1191 2845 1224 2913 45

208 2945 297 3013 Neve
314 2941 358 3013 sit
373 2959 520 3014 actorum
538 2939 622 3014 fama
640 2941 761 3016 caduca
779 2961 901 3016 cavent.

162 3056 313 3130 Carmine
328 3056 366 3130 lit
382 3057 476 3129 vivax
492 3057 614 3144 virtus;
632 3087 814 3159 expersque
832 3060 990 3162 sepulcri,

209 3174 370 3250 Notitiam
387 3203 465 3249 serae
481 3175 686 3274 posteritatis
704 3176 813 3250 habet.

162 3290 290 3364 Tabida
308 3289 474 3365 consumit
488 3290 612 3364 lenum
627 3291 836 3394 lapidemque
851 3311 1017 3382 vetustas;

212 3407 377 3508 Nullaque
395 3437 447 3481 res
464 3407 570 3506 majus
587 3423 733 3509 tempore
751 3411 855 3484 robur
865 3409 976 3486 babet.
1196 3434 1228 3486 ⁵0

163 3525 292 3627 Scripta
310 3525 422 3598 lerunt
439 3551 566 3598 annos:
583 3524 716 3626 scriptis
730 3527 980 3624 Agamemnona
995 3529 1106 3617 nosti;

198 3730 238 3778 25.
248 3727 308 3780 Illa.
316 3724 419 3780 Scilicet
428 3738 472 3777 ara
480 3721 674 3778 Germanicia·-
726 3729 843 3785 thiurae.
855 3729 997 3798 Quantum
999 3729 1138 3852 ¹{erroneus
1149 3726 1231 3782 nutri·

167 3799 214 3852 Sui
221 3808 349 3856 antistatis.
359 3801 407 3855 Sui
416 3800 571 3866 sacerdotia,
583 3811 610 3855 et
616 3803 673 3872 ejus
722 3804 764 3846 ¹¹¹⁸
774 3793 874 3863 herba,
888 3813 948 3865 quo
958 3795 988 3850 in

168 3876 211 3944 qui
224 3876 256 3929 ad
268 3876 337 3930 ittam
350 3878 478 3948 confugit.
722 3872 849 3925 utebatur.
1180 3916 1189 3958 ,⁸

202 3954 419 4026 dqllecqaaetc
430 3951 674 4024 Necqaoddepma
756 3951 797 4015 42.
814 3952 1021 4021 Tarpeiorfhcos,
1033 3943 1232 4013 FocotCaprto·

168 4042 211 4086 tus
217 4050 315 4100 pauper
323 4031 434 4085 Medon.
724 4027 924 4101 linco-Meet.
932 4029 1024 4097 Tingit
1032 4040 1134 4078 cruore.

204 4114 242 4178 41.
264 4114 345 4181 Quaqr
359 4113 471 4178 gramme
481 4119 561 4178 pasta
573 4115 674 4166 Falisco
749 4111 790 4180 49.
800 4111 901 4166 Tabe'da
907 4116 1027 4161 vetustas.
1035 4100 1189 4168 longinqua
1197 4119 1234 4153 se·

1023 3797 1099 3852 alieeo
1111 3810 1172 3864 agro
1184 3809 1231 3845 nt·
