2722 4702
300 355 773 424 uxronrourn.1v.
801 354 964 423 urrsr.
990 357 1035 423 x.
1130 356 1192 441 461

129 555 134 572 ,
191 496 278 594 Quis
293 494 388 570 labor
404 514 455 571 est
469 524 585 598 puram
602 524 671 569 non
689 513 861 570 temerasse
878 495 1002 569 fidem?

141 614 219 686 Baec
237 611 318 701 tibi,
338 612 395 712 qui
411 631 537 713 perstas
553 611 772 684 indeclinatus
789 610 912 695 amico,

190 728 265 798 Nou
282 743 332 799 est
349 727 438 825 quod
456 726 569 821 lingua
584 725 669 798 dicta
687 742 842 825 querente
860 740 966 823 putes.

141 919 1185 956 m

454 1059 766 1144 EPISTOLA
809 1060 892 1144 XI.

522 1424 537 1455 *
555 1416 822 1493 GALLIONI.

498 1755 856 1815 ARGUMENTUM.

244 1989 247 1993 Δ
289 1909 409 1978 Coniuge
421 1910 514 1963 orbum
526 1910 675 1965 Gallionem
687 1930 746 1964 sero
758 1910 829 1979 quod
841 1911 955 1980 soletur,
967 1925 1075 1968 excusa.

151 2057 340 2174 Gamo,
358 2086 480 2160 crimen
497 2087 559 2160 erit
573 2087 626 2159 vix
644 2085 828 2160 excusabile
846 2085 962 2173 nobis,

201 2202 353 2276 Carmine
373 2218 403 2273 te
418 2228 539 2274 nomen
556 2229 624 2273 uon
643 2200 795 2274 habuisse
813 2228 896 2273 meo.

150 2320 203 2392 Tu
221 2344 353 2419 quoque
370 2315 471 2403 enim,
492 2317 641 2404 memini,
660 2315 777 2391 caelesti
796 2318 931 2419 cuspide
948 2317 1030 2394 sacta
1071 2326 1085 2343 '

198 2431 323 2505 Fovisti
341 2430 492 2530 lacrymis
508 2430 641 2506 vulnera
658 2451 770 2506 nostra
789 2433 866 2506 tuis.

151 2547 261 2646 Atque
279 2546 418 2629 utinam,
436 2545 529 2646 rapti
536 2546 661 2644 jactura
677 2546 774 2621 laesus
789 2548 903 2632 amici,

200 2661 365 2738 sensisses
380 2658 484 2746 ultra,
507 2661 594 2759 quod
614 2691 801 2763 quererere,
822 2664 923 2736 nihil!

153 2779 228 2850 Non
244 2778 366 2850 italiis
384 2775 530 2876 placuit,
550 2775 607 2874 qui
623 2796 654 2851 te
672 2779 813 2878 spoliare
829 2779 949 2880 pudica

206 2891 353 2987 Coniuge
372 2889 518 2964 crudeles
535 2918 604 2962 non
622 2891 763 2965 habuere
781 2892 888 2966 nefas.¹

156 3006 281 3080 Nuntia
296 3035 369 3078 nam
388 3005 497 3079 luctus
516 3005 597 3079 mihi
613 3034 719 3105 nuper
735 3005 874 3105 epistola
890 3006 994 3092 venit,

204 3123 369 3219 Lectaque
385 3147 459 3192 curu
478 3118 627 3218 lacrymis
645 3137 724 3194 sunt
741 3137 795 3192 tua
813 3121 929 3192 damna
946 3120 1035 3192 meis.
1186 3159 1215 3195 lu

160 3235 224 3308 Sed
239 3263 347 3335 neque
365 3235 556 3335 prudentem
574 3232 672 3308 solari
689 3233 824 3308 stultior
841 3233 963 3318 ausim,

96 3394 101 3405 '
191 3398 209 3439 ἕ
222 3395 366 3451 ῦΛιιιοιπ.
378 3397 396 3450 J
399 3399 475 3452 unius
484 3397 568 3452 Gallio
580 3397 664 3451 dietus
712 3396 825 3451 Tacitus,
834 3393 1052 3449 H.-·Gallionem
1059 3396 1215 3455 familiarem

159 3487 197 3531 est
208 3496 214 3529 :
226 3477 247 3529 is
260 3476 391 3545 adoptavit
407 3477 446 3528 Μ.
462 3478 591 3529 Annaeum
605 3476 662 3528 No·
711 3475 789 3528 fuisse
803 3473 900 3528 Nasoni
916 3473 1023 3543 adparet
1039 3495 1069 3527 ex
1085 3475 1217 3535 Seneceel

161 3566 264 3622 vatum,
277 3556 384 3607 Senecae
396 3554 519 3618 fratrem,
529 3554 572 3620 qui
582 3573 611 3605 er
620 3551 664 3604 illo
711 3552 830 3617 suasor„
848 3554 901 3602 hec
912 3561 993 3604 autem
1012 3556 1113 3605 de'ceba!
1129 3559 1217 3611 Gallio

160 3631 257 3686 Juniue
273 3632 358 3686 Gallio
370 3641 410 3684 est
426 3630 516 3684 dictus.
532 3629 663 3682 Eusebia·
711 3631 813 3681 Nasoni
827 3647 873 3681 suo
891 3632 966 3681 valde
983 3633 1112 3696 placuisse
1126 3650 1135 3695 ‚·
1157 3634 1215 3686 vide

162 3728 227 3761 num
234 3709 384 3764 Chronicou
394 3709 424 3761 B.
433 3709 589 3778 Hieronymi
599 3746 606 3771 ,
617 3709 665 3759 Ju-
712 3707 818 3760 Reines.
830 3706 861 3759 ad
876 3709 941 3761 lnsc.
953 3707 982 3761 cl.
994 3709 1020 3774 l,
1032 3729 1082 3781 99,
1096 3732 1120 3781 p.
1131 3715 1185 3781 ¹37·

162 3788 330 3845 niusGallio.
341 3788 666 3855 smterSenece.e5re5ius
746 3785 768 3838 3.
793 3788 896 3839 Celeste'
910 3790 1019 3852 cuspide,
1040 3787 1138 3843 Divino
1157 3791 1218 3839 ictu.
1288 3779 1294 3786 ³

163 3866 322 3916 declamator.
334 3869 436 3930 propria
451 3883 478 3915 se
493 3883 568 3914 manu
585 3869 666 3914 inter·
715 3862 793 3914 Mne
806 3889 839 3901 —
851 3863 981 3928 cuspidem
995 3886 1056 3937 ergo
1069 3875 1141 3917 vocat
1158 3861 1219 3918 Cae-

157 3939 239 4006 sece't,
262 3937 343 3991 relect
363 3941 394 3991 ad
413 3939 529 3992 eundem
550 3957 663 4004 anuum,
715 3939 1033 3996 sariaadvereusseiram.
1047 3944 1132 3994 Porta.

165 4035 218 4086 quo
234 4016 352 4069 Lucanus
366 4018 504 4068 occubuit:
520 4016 590 4084 atqui
604 4013 669 4069 Gal·
753 4034 781 4068 ιο
807 4017 862 4069 Tua
873 4022 973 4071 damna.
990 4019 1082 4071 Uxoris
1098 4027 1148 4070 ωε
1164 4016 1222 4069 ohi-

167 4095 264 4148 liouem
290 4093 397 4148 Senecae
421 4092 586 4161 superstitem
607 4092 670 4150 lacit
717 4101 775 4161 tus,
787 4095 833 4164 qui
845 4095 891 4150 tibi
903 4096 1032 4150 damnum
1044 4092 1144 4146 adtulit.
