2722 4702
643 128 649 143 9
680 120 684 131 ι

744 138 749 149 e

671 158 681 189 Ι
754 166 761 175 ι

586 178 590 185 ι

731 222 736 230 ι

285 365 353 431 ax
378 332 683 433 nouro‘um.
710 356 778 431 Ν.
803 365 971 466 nerse.
997 369 1041 436 v.
1133 367 1200 454 ess

188 503 284 579 Talia
300 533 360 578 vos
378 504 426 577 illi
439 504 577 581 reddere
595 505 691 578 verba
708 502 815 577 velim.
1169 530 1204 581 30

140 621 236 706 Viuit
252 621 378 709 adhuc,
394 621 558 721 vitamque
577 621 638 693 tibi
656 619 773 694 debere
790 621 930 708 latetur,

193 741 305 834 Quam
322 738 415 839 prius
431 765 448 809 a
465 738 536 810 miti
555 739 680 811 Caesare
699 765 819 810 munus
834 736 945 809 habet.

140 855 190 930 Te
208 853 291 939 sibi,
312 881 413 952 quum
433 853 575 948 lugeret,
594 851 731 925 memori
748 850 834 927 solet
852 880 908 925 ore
924 850 1060 941 referre,

191 968 358 1043 Barbaria
377 985 464 1042 tutas
484 967 671 1041 exhibuisse
686 967 764 1061 yias.

146 1085 315 1180 Sanguine
331 1083 519 1156 Bistonium
538 1083 628 1184 quud
644 1111 715 1156 non
733 1081 920 1183 tepefecerit
935 1110 1065 1170 ensem,

193 1200 360 1274 Ellectum
377 1228 453 1272 cura
469 1201 612 1301 pectoris
629 1227 699 1274 esse
712 1199 772 1272 tui.

145 1314 267 1388 Addita
284 1332 439 1415 praeterea
454 1316 527 1388 vitae
545 1344 679 1415 qunque
694 1312 798 1387 multa
814 1315 943 1388 tuendae

196 1433 350 1519 Munera,
371 1460 413 1503 ne
428 1432 581 1532 proprias
596 1447 781 1504 attenuaret
798 1458 888 1531 opes.

148 1548 216 1621 Pru
233 1548 358 1648 quibus
374 1565 412 1620 ut
428 1546 555 1621 meritis
571 1544 731 1620 referatur
747 1545 869 1639 gratia,
886 1545 991 1643 jurat,

198 1665 240 1738 Se
256 1664 327 1737 fore
343 1664 561 1764 mancipium,
581 1680 711 1762 tempus
729 1660 764 1731 in
782 1688 901 1746 omne,
919 1679 1021 1734 tuum.

148 1781 232 1852 Nam
248 1776 342 1876 prius
359 1776 516 1850 umbrosa
534 1775 695 1849 carituros
714 1772 832 1846 arbore
849 1791 994 1863 montes,

197 1896 244 1965 Et
257 1892 338 1963 lreta
354 1887 507 1963 velivolas
522 1918 590 1963 non
606 1890 762 1965 habitura
778 1906 884 1974 rates,

150 2007 368 2106 Fluminaque
384 2005 544 2079 insontes
561 2033 660 2079 cursu
680 2004 824 2078 reditura
842 2001 982 2102 supino,

204 2122 316 2197 Gratia
334 2150 433 2223 quam
448 2121 557 2194 meriti
573 2121 681 2220 possit
698 2119 788 2193 abire
807 2118 865 2190 tui.

152 2242 232 2314 llaec
248 2240 308 2313 ubi
325 2236 490 2325 dixeritis,
508 2251 613 2309 servet
630 2264 689 2308 sua
704 2234 804 2318 dona,
823 2249 954 2327 rogate:

202 2354 257 2428 Sic
272 2351 373 2425 luerit
387 2367 502 2424 vestre
518 2376 614 2422 causa
630 2365 762 2448 peracta
775 2346 843 2419 viae.

186 2525 225 2576 32.
237 2524 392 2589 Quodprr'us.
409 2523 490 2587 (luam
505 2530 574 2575 recte
585 2530 660 2574 rete·
708 2518 825 2589 quamuis
847 2536 902 2571 non
926 2519 1102 2588 displiceant,
1124 2531 1214 2576 contra

153 2620 194 2653 res
207 2599 330 2668 plerique.
344 2600 446 2653 Heres.
707 2598 787 2652 libros
798 2609 886 2652 tamen
895 2599 1004 2668 scriptos
1018 2599 1151 2654 intrudere
1164 2621 1212 2670 pe·

187 2680 521 2746 34 Wastutasbarbar1'ae.
539 2678 601 2729 Vias
615 2697 657 2731 se-
708 2676 848 2729 riculosurn
865 2676 944 2729 credo
962 2695 968 2726 :
984 2683 1135 2745 mancipium
1152 2698 1215 2749 ergo

155 2777 227 2812 curas
239 2777 253 2810 a
263 2759 380 2811 barbarie
392 2798 400 2824 ,
414 2777 461 2826 per
478 2776 541 2825 quas
552 2757 659 2808 Tornon
708 2775 757 2824 pro
763 2775 838 2809 servo
847 2757 974 2824 capimus,
984 2766 1012 2809 ut
1018 2756 1087 2809 inlra
1096 2756 1135 2810 Et.
1144 2773 1215 2824 v111,

156 2835 372 2902 proficiscebatur.
708 2833 741 2885 66
750 2852 756 2884 :
765 2855 777 2878 «
790 2833 818 2886 Si
833 2833 938 2901 quid...
949 2833 1040 2888 Restat
1052 2836 1079 2887 in
1091 2835 1214 2904 ingenio,

189 2913 228 2964 35.
240 2914 332 2963 Ensem
344 2913 487 2961 Bistonium
500 2919 548 2962 etc.
561 2907 660 2962 Ensem
708 2909 803 2962 serviet
815 2928 894 2962 onrne
907 2910 961 2963 tibi.
976 2933 989 2955 u

157 2987 298 3040 Thracum.
742 2988 859 3051 lnNam
867 2992 940 3053 prim
950 2990 1067 3041 umbrosa
1077 2999 1125 3042 etc.
1135 2989 1216 3058 Haec,

191 3063 231 3114 35.
247 3067 314 3116 Cura
321 3070 429 3129 pectoris
441 3083 498 3116 esse
508 3069 556 3116 sui.
572 3065 623 3115 Tui
632 3082 663 3116 ex
711 3064 803 3132 quibus
816 3084 888 3132 posse
904 3084 962 3117 rem
978 3064 1036 3118 fieri
1049 3068 1148 3136 poetice
1162 3088 1217 3121 ne-

158 3141 265 3210 scriptis.
277 3141 379 3192 Hares.
712 3154 773 3273 qpt,
791 3143 904 3196 libenter
920 3143 1054 3198 conseram
1073 3146 1106 3199 ad
1126 3146 1219 3218 Virgil.

192 3222 232 3283 l⁰=
244 3219 398 3284 Mancrpr'um
407 3231 482 3271 tuum.
492 3217 532 3270 lta
541 3216 603 3270 olim
613 3215 665 3268 edi·
737 3219 801 3290 clog.
816 3220 844 3281 1,
859 3221 893 3272 60
904 3239 967 3289 sqq;
986 3222 1019 3289 V,
1036 3222 1067 3291 76
1076 3242 1139 3291 sqq;
1153 3223 1217 3277 AEn.

159 3298 187 3350 ti.
196 3296 321 3348 Heinsius
329 3295 605 3363 edidit,mancrprl'lue','
616 3313 666 3348 nec
714 3297 744 3362 l,
759 3297 806 3365 607
822 3317 875 3366 sqq.

160 3373 274 3438 monuit,
283 3372 353 3425 unde
361 3371 467 3426 haberet
478 3372 569 3425 :video
577 3382 603 3425 et
613 3371 667 3424 Ex·
747 3378 786 3441 45.
803 3377 887 3427 Serve!
896 3393 944 3426 sua
956 3377 1031 3428 dona.
1044 3376 1083 3429 Ut
1093 3389 1180 3432 servet
1193 3390 1221 3434 et

160 3452 452 3522 cerptaScaligerihanc
459 3453 597 3506 lectionem
605 3469 668 3520 prae·
715 3451 822 3505 reducat
837 3452 865 3504 in
882 3451 991 3521 patriam
1008 3472 1051 3508 me
1072 3453 1219 3527 Ovidium,

161 3528 246 3598 serre,
262 3531 307 3585 sed
320 3550 352 3583 ex
364 3531 437 3583 nullo
450 3531 553 3593 codice;
567 3532 669 3584 Brisso-
716 3528 876 3598 mancipium
887 3549 982 3598 suum,
997 3532 1038 3587 vel
1049 3552 1128 3602 quarn
1142 3535 1166 3588 ei
1181 3537 1221 3590 vi-

163 3606 238 3672 nius,
251 3610 316 3662 libro
330 3609 371 3661 Vl
384 3608 416 3660 de
430 3606 517 3661 Form.
535 3627 591 3677 pag.
605 3614 668 3676 517,
717 3618 770 3661 tarn
791 3619 922 3676 acceptam
939 3609 1027 3663 celero
1041 3652 1048 3678 ,
1067 3632 1222 3670 conservare

162 3683 256 3735 lubens
272 3686 416 3739 emendat:
434 3707 447 3730 a
464 3686 499 3739 Se
515 3684 573 3738 lore
588 3704 670 3737 man·
717 3707 747 3740 ac
757 3687 824 3738 tueri
837 3698 943 3756 pergat,
957 3707 986 3740 sc
1002 3690 1054 3743 suis
1071 3711 1115 3747 me
1130 3694 1222 3747 officiis

165 3760 234 3828 cipio
245 3770 346 3828 tempus
356 3765 383 3818 in
392 3782 471 3819 omne
485 3773 569 3817 tuum.
578 3785 591 3810 a
602 3763 672 3832 Qua
718 3763 856 3832 complecti
867 3782 901 3817 ne
916 3764 1029 3822 desistat.

578 3957 811 3986 -u--a
