2722 4702
298 343 584 412 rmsrrum
606 347 709 415 nm.
736 347 782 417 v.
812 349 962 420 nune.
991 352 1045 421 11.
1144 380 1209 454 207

189 487 236 558 Ut
256 501 380 559 taceam
399 485 531 560 strictas
544 486 580 560 in
597 516 668 562 mea
684 488 749 563 sata
762 519 900 580 manus;
1145 519 1147 525 ·
1176 523 1211 572 so

142 601 283 676 Barbara
299 629 352 676 me
369 601 487 689 tellus,
507 602 662 704 orbisque
679 606 856 680 novissima
873 609 983 703 magni

188 716 354 804 Sustinet3
371 734 404 790 et
421 745 505 791 saevo
521 719 647 792 cinctus
664 721 707 793 ab
725 720 824 796 hoste
840 721 945 797 locus.

142 833 230 906 Hinc
246 862 307 928 ego
326 834 508 930 trajiceret,
527 862 634 934 neque
652 835 737 908 enim
755 864 828 909 mea
845 836 942 938 culpa
959 859 1095 917 muenta
1114 862 1184 934 est,

187 953 306 1039 Esset,
325 979 398 1051 quae
415 951 530 1037 debet,
552 954 580 1026 si
597 952 658 1024 tibi
675 977 753 1026 eura
769 955 844 1028 mei.

142 1065 201 1140 tlte
215 1068 330 1154 Deus,
345 1065 429 1140 bene
449 1072 519 1165 qn'o
535 1068 686 1139 Romano
704 1068 855 1166 potentia
873 1069 950 1142 nixa
967 1088 1033 1159 est,
1179 1099 1211 1151 ³5

188 1183 283 1284 Saepe
300 1210 361 1255 suo
377 1182 482 1254 victor
499 1181 583 1254 lenis
597 1182 632 1254 in
645 1180 742 1254 boste
759 1179 831 1253 suit.

147 1298 233 1394 Quid
252 1296 411 1371 dubitas?
428 1295 510 1397 quid
529 1314 600 1370 tuta
618 1297 741 1369 times?
756 1296 889 1383 aceede,
905 1327 1073 1400 rugaque:

189 1414 317 1488 Caesare
333 1411 381 1485 nil
398 1412 513 1508 ingens
529 1412 643 1486 mitius
663 1411 756 1485 orbis
773 1411 883 1485 habet.

145 1531 381 1607 demiserunt
397 1528 479 1631 quid
495 1559 605 1627 agam,
625 1531 652 1604 si
671 1531 823 1630 proxima
841 1558 979 1630 quaeque
994 1532 1214 1638 relinquunt?

188 1647 366 1721 Subtrabis
382 1645 518 1720 effracto
535 1664 572 1720 tu
589 1673 725 1746 quoque
743 1644 826 1719 colla
841 1647 950 1746 jugo?
1177 1679 1212 1746 40

145 1761 220 1858 Quo
239 1763 349 1835 ferar?
363 1763 452 1836 unde
469 1779 579 1863 petam
596 1761 700 1862 lapsis
715 1759 831 1835 solatia
846 1762 973 1836 rebus?

190 1877 349 1949 Auchora
362 1877 429 1974 jam
444 1895 590 1952 nostram
605 1904 674 1951 uon
694 1894 784 1951 tenet
801 1875 872 1951 ulla
888 1895 1001 1953 ratem.

144 1993 297 2066 Viderit:
313 1994 384 2093 ipse
403 2020 542 2080 sacram,
562 1995 711 2096 quamvis
729 1993 872 2082 invisus,
892 1997 932 2069 ad
948 2022 1036 2071 aram

192 2107 391 2204 Confugiam
405 2138 414 2179 ε
429 2106 537 2182 nullas
553 2111 728 2183 submovet
745 2138 800 2182 ara
817 2139 944 2185 manus.

145 2227 318 2328 Adloquor
336 2255 374 2300 en
393 2226 516 2300 absens
532 2228 703 2326 prasentia
721 2227 857 2301 numina
873 2225 1031 2328 supplex,
1177 2255 1210 2321 45

173 2394 211 2445 30.
225 2393 332 2444 Stn'ctas
338 2396 367 2444 iu
374 2409 432 2443 mea
438 2400 487 2443 etc.
494 2388 537 2442 De
546 2390 650 2444 necesi-
699 2393 756 2460 gius
767 2413 798 2444 ex
810 2392 912 2462 vulgate
922 2391 1083 2446 iltafonnuta
1099 2396 1211 2450 Vident:

145 2469 167 2521 bi
180 2489 194 2523 a
205 2469 344 2524 comitibus
356 2469 384 2522 in
395 2468 490 2522 itinere
503 2466 649 2534 intentata,
699 2472 795 2525 viderit
817 2473 967 2543 Augustus,
988 2492 1065 2541 quam
1082 2472 1117 2525 illi
1135 2475 1210 2528 iuvi-

146 2544 194 2601 ἦα
207 2547 299 2617 accipe.
699 2547 770 2602 diam
785 2548 947 2604 conflaturus
957 2549 1005 2604 sim
1019 2549 1087 2620 apud
1100 2569 1209 2618 omues,

173 2626 210 2680 33.
228 2627 372 2694 Traje'cem.
383 2625 415 2678 ln
428 2623 516 2677 locum
528 2625 649 2679 clemen·
698 2627 718 2680 si
728 2649 778 2698 ego
790 2630 930 2684 destitutus
944 2631 975 2683 ab
993 2631 1117 2684 omnibus
1136 2631 1208 2684 ami-

146 2702 231 2757 tiorem
243 2704 362 2758 mitterer
377 2704 408 2755 ab
419 2703 651 2770 Augusto-Est
697 2703 747 2772 cis,
765 2718 791 2759 et
804 2718 912 2777 propter
927 2707 1084 2760 levissimam
1103 2706 1208 2773 culpam

144 2793 248 2836 cruenta.
261 2783 308 2834 Est
324 2779 452 2850 capitalis,
467 2779 537 2848 quod
558 2798 648 2848 quesn
698 2781 1210 2854 gravissimepoenaedamnatus,conlu-

144 2878 218 2928 quam
228 2857 380 2912 occiderim.
696 2861 765 2929 giam
778 2861 811 2913 ad
818 2880 890 2913 aram
898 2879 1014 2929 sacram,
1028 2873 1154 2931 tanquam
1164 2858 1209 2910 in'-

173 2939 213 3007 37.
226 2939 297 3003 Quid
308 2939 420 2995 dubitas,
439 2945 465 2988 ct
483 2944 539 2987 tuta
555 2937 651 2988 temes?
697 2938 820 3009 expiabile
838 2938 956 3001 crimen,
971 2949 999 2992 et
1017 2950 1102 2992 morte
1117 2955 1210 2991 cruen-

148 3015 218 3079 Quid
223 3022 336 3064 tutatrcs
343 3011 451 3080 antiqui,
460 3009 604 3063 nervosius.
615 3009 651 3062 H.
697 3026 723 3070 ts
735 3015 863 3082 dignum,
879 3013 1064 3068 commiserim.
1077 3015 1175 3069 Bunm.

175 3093 216 3156 40.
233 3090 363 3141 Subtrads's
376 3100 402 3142 et
414 3088 511 3156 fracto.
532 3085 651 3153 Essrecto
735 3095 777 3159 45.
794 3093 928 3158 Adloquor
942 3109 974 3142 en
990 3096 1083 3144 absens
1093 3095 1209 3146 absentia

136 3169 202 3236 lm
224 3167 307 3235 prim„
320 3167 394 3221 Potiu
415 3180 441 3222 ct
458 3176 572 3237 quatuor
590 3165 649 3231 alii;
697 3174 799 3224 sumena
809 3170 921 3233 supplex.
938 3168 1069 3234 Adloquor
1078 3161 1208 3235 potiores:

141 3246 251 3313 esracto
269 3267 308 3315 pr.
321 3247 438 3300 vatican.
458 3247 502 3300 Sic
518 3244 651 3312 effractum
697 3257 824 3317 praterea
835 3243 1004 3297 scribendum
1016 3255 1080 3312 puto
1089 3265 1210 3313 ,pressu-

141 3330 200 3379 ebur
206 3324 309 3380 restitui
322 3324 389 3393 apud
404 3324 600 3387 Claudianum,
617 3319 650 3375 de
696 3330 736 3378 tete
746 3326 867 3385 numium·
887 3320 959 3389 quod
970 3340 1080 3375 acumen
1094 3342 1149 3376 non
1162 3323 1209 3376 iu-

143 3402 208 3458 bello
219 3402 378 3467 Gildonico,
388 3421 425 3455 vs.
443 3403 495 3455 135.
508 3399 612 3453 timus.
697 3398 818 3453 tellexere
834 3397 920 3450 insciti
940 3396 1055 3452 librarii:
1071 3399 1149 3454 Trist.
1161 3400 1206 3469 ll,

172 3485 211 3549 43.
229 3484 335 3536 Vs'den't.
353 3481 410 3549 lpse
426 3477 515 3532 Caesar
525 3473 648 3547 provide·
698 3479 743 3543 54,
751 3481 898 3546 Augustum
911 3487 1135 3545 vocatproesentem
1144 3499 1206 3532 cou-

143 3561 192 3629 rit,
203 3573 374 3633 posteaquam
385 3555 649 3613 scuterisdestisuor.
697 3561 856 3626 spe‘cuunqne
867 3557 965 3624 Deum·
979 3565 1005 3609 et
1024 3557 1102 3610 Pout
1121 3556 1163 3610 lib.
1177 3559 1208 3626 l,

145 3641 365 3706 -Heumanuus,
379 3638 406 3692 in
414 3636 530 3709 parergis
539 3632 649 3701 criticis,
699 3634 740 3689 El.
749 3651 787 3702 tt,
798 3655 834 3688 vs.
845 3655 905 3707 107,
915 3635 949 3688 de
959 3634 1053 3687 eodum
1064 3655 1070 3688 :
1080 3657 1092 3680 u
1103 3633 1208 3704 Quam-

146 3730 201 3780 pap
216 3734 275 3785 ιη,
291 3717 370 3789 legit,
388 3718 424 3770 Νι·
430 3719 513 3782 petes,
532 3717 587 3780 ipse
599 3728 650 3762 sa-
699 3731 751 3782 que
761 3711 857 3766 dedere
870 3711 935 3766 mibi
946 3714 1085 3784 prasentia
1095 3716 1208 3769 numina

146 3810 217 3844 cmm
229 3802 276 3846 etc
285 3790 390 3848 Vellem
403 3791 490 3862 potius
501 3786 650 3860 ingentiu-
698 3793 797 3856 vitam,
816 3792 877 3847 Non
897 3792 995 3846 adimat
1013 3791 1103 3845 stricto
1120 3790 1209 3860 squal-

144 3890 185 3925 res
197 3871 366 3926 intenderent
379 3872 426 3925 viri
437 3868 562 3924 industrii
573 3866 650 3923 inlo-
697 3867 765 3923 lidus
784 3888 844 3924 ense
866 3869 963 3932 Getes;
982 3893 995 3917 o
1015 3868 1127 3923 Metam.
1140 3866 1207 3932 XV,

144 3946 650 4016 tiseosruptisetdifficilibusrestituen·
699 3944 1208 4014 veliamPanditenuucMusoefflrae·

147 4027 195 4096 dis,
212 4047 295 4099 quam
305 4029 408 4082 erudito
419 4027 473 4079 otio
482 4029 651 4081 abuterentur
697 4025 782 4079 sentia
792 4028 903 4081 numina
916 4035 1019 4086 vatum;
1031 4045 1043 4069 u
1056 4022 1089 4074 de
1102 4016 1207 4073 Baccho

149 4106 651 4178 insanisvitiaudis.Sensusveroepre·
699 4094 1206 4169 Meum.tV‚vemssszmequeenim
