2722 4702
241 324 505 414 TRISTIUM
529 327 627 394 LIB.
657 327 702 396 V.
730 324 877 395 ELEG.
904 329 950 393 Χ.
1062 329 1126 394 235

117 464 286 539 Moenibus
303 463 446 558 exiguis,
462 464 661 566 ingenioque
679 465 754 538 loci.

69 586 183 682 Quum
201 582 333 654 minime
351 581 484 669 credas,
504 600 541 655 nt
557 611 647 671 aves,
666 583 878 657 densissimus
896 583 1005 657 hostis

117 696 279 783 Advolat,
295 713 327 769 et
346 696 487 796 pradum
503 699 556 771 vix
573 699 656 772 bene
672 699 761 772 visus
779 699 864 794 agit:
1097 733 1129 768 20

69 812 161 910 Saepe
179 810 263 883 intra
279 838 393 885 muros
411 808 529 884 clausis
546 812 707 885 venientia
723 811 829 912 portis

118 924 180 994 Per
197 922 318 994 medias
334 921 474 1017 legimus
488 923 585 995 noxia
603 923 665 996 tela
683 925 760 997 vias.

69 1043 131 1113 Est
147 1039 250 1133 igitur
261 1067 373 1126 rarus,
391 1040 449 1140 qui
467 1069 523 1113 rus
542 1038 646 1113 colere
663 1041 801 1125 audeat3
820 1040 914 1138 isque

118 1158 188 1228 Hac
203 1172 274 1228 arat
291 1155 425 1242 infelix,
444 1156 505 1228 bac
521 1173 609 1229 tenet
623 1183 712 1228 arma
727 1183 846 1229 manu:

73 1270 139 1343 Sub
158 1269 248 1364 galea
264 1289 377 1370 pastor
388 1271 511 1369 junctis
528 1272 600 1372 pice
617 1288 727 1344 cantat
742 1269 868 1357 avenis;

117 1389 249 1488 Proque
267 1387 346 1487 lupo
362 1386 485 1487 pavidae
502 1385 589 1458 bella
608 1404 762 1458 verentur
778 1411 864 1457 oves.

74 1503 134 1575 Vix
150 1531 212 1603 ope
230 1502 353 1576 castelli
371 1502 595 1588 delendimnr3
613 1519 647 1574 et
664 1519 770 1575 tamen
785 1501 876 1573 intus

117 1619 218 1693 Misia
234 1620 312 1693 facit
331 1618 439 1692 Graiis
454 1618 594 1692 barbara
614 1616 709 1690 turba
726 1633 870 1690 metum:

73 1738 205 1838 Quippe
222 1735 318 1811 simul
333 1736 431 1809 nobis
449 1735 577 1808 habitat
594 1733 779 1808 discrimine
795 1730 887 1806 nullo

118 1852 303 1935 Barbarus,
321 1868 354 1924 et
370 1851 444 1924 tecti
460 1849 536 1952 plus
555 1878 690 1950 quoque
707 1868 799 1949 parte
817 1866 915 1923 tenet.
1095 1866 1128 1916 3ο

73 1967 172 2061 Quos
189 1981 227 2037 ut
244 1992 312 2038 nou
329 1965 460 2050 timeas,
476 1964 585 2066 possis
602 1964 710 2038 odisse
727 1963 868 2037 ridendo
1061 1958 1079 1983 '⁸

120 2077 268 2152 Pellibus
286 2095 318 2151 et
335 2076 433 2172 longa
451 2097 593 2181 tempora
612 2095 696 2151 tecta
712 2104 814 2149 coma.

72 2196 141 2268 Hos
159 2223 312 2295 quoque,
333 2194 389 2295 qui
407 2194 508 2288 geniti
528 2195 624 2268 Greia
641 2193 818 2266 creduntur
834 2192 876 2264 ab
894 2191 996 2275 urbe,

117 2311 182 2382 Pro
197 2310 306 2410 patrio
324 2307 416 2382 cultu
436 2309 564 2383 Persica
580 2311 695 2383 bracca
716 2306 804 2402 tegit.

72 2429 226 2501 Exercent
243 2427 293 2500 illi
312 2426 408 2501 sociae
426 2429 618 2502 commercia
634 2427 774 2522 lingue:
874 2490 889 2503 .
908 2475 911 2479 ·
999 2477 1000 2481 =
1094 2441 1127 2492 35

855 2558 870 2581 ,.

107 2590 142 2641 18.
161 2593 306 2662 Ingestoque
320 2595 377 2646 Ioci.
395 2591 455 2646 Situ
472 2603 500 2646 et
517 2611 573 2646 na·
623 2591 711 2661 scripti
723 2603 749 2645 et
762 2591 823 2644 olim
837 2586 900 2644 editi
911 2587 1033 2659 quidam
1044 2586 1126 2642 male:

73 2675 128 2719 tura
139 2666 191 2722 loci.
621 2668 657 2721 ita
669 2670 741 2722 enim
754 2668 849 2723 millies
860 2660 961 2722 solertis
972 2663 1051 2721 locuti
1059 2673 1128 2718 sunt.

101 2765 138 2819 ¹9¹
150 2749 228 2815 Quum
241 2749 452 2811 mlsst'memdas,
465 2758 493 2801 ul
504 2755 570 2808 auus.
654 2748 693 2799 31.
710 2751 779 2812 (luas
796 2759 825 2801 ul
842 2765 891 2799 sas
906 2752 1003 2800 timeas.
1018 2747 1126 2808 (luorum

73 2820 170 2877 lltaves
177 2825 273 2877 rectius
279 2823 365 2895 scripti
374 2823 574 2891 nonnulli,cum
620 2823 697 2895 prim.
710 2825 764 2879 Pal.
778 2825 855 2894 prim.
869 2820 951 2877 Vstic
965 2831 992 2874 et
1007 2817 1123 2888 quinque

68 2901 155 2969 priscis
170 2897 336 2954 editionibus.
346 2894 573 2959 Deinde-Riobel.
620 2898 676 2965 ulii,
685 2911 790 2955 utesset
798 2899 914 2963 dictum,
925 2895 1074 2967 quomodo,
1084 2897 1126 2946 al·

69 2983 153 3047 Quum
161 2982 223 3030 sene
230 2981 275 3029 υἷι
285 2982 378 3033 credas.
391 2979 429 3032 H.
618 2986 710 3032 slsiselo
721 2983 813 3031 s'rasum
822 3016 830 3041 ,
838 2981 924 3029 descire
934 2978 1086 3045 querelarum
1094 2972 1127 3025 ab

103 3075 143 3105 απ.
156 3057 304 3107 Narratelu.
316 3058 412 3108 Martia
421 3053 569 3110 Vossianus.
619 3055 748 3119 Horatio,
761 3065 788 3107 et
799 3052 892 3107 similia
903 3053 997 3122 passim
1010 3051 1092 3103 obsis.

73 3133 138 3182 Tela
154 3136 242 3183 nocs‘va
254 3131 393 3202 Gottorpb.
410 3152 460 3203 pro
471 3133 571 3189 diversa
651 3137 691 3188 32.
703 3135 814 3188 Pellibus
824 3145 851 3185 et
860 3135 936 3198 lousa
945 3149 1049 3197 corpora
1057 3139 1124 3189 tecla

68 3208 190 3262 lectione.
618 3231 698 3264 coma.
717 3215 824 3264 Pectora
837 3208 943 3277 quidam
956 3219 1056 3262 veteres
1072 3227 1078 3262 :
1098 3219 1124 3261 at

101 3287 377 3354 23.Es!1'5i!urrsrus,
392 3291 571 3358 que'sauscole-
618 3307 687 3341 nnus
700 3285 875 3340 Bononiensis
889 3305 950 3339 cum
966 3286 1053 3355 priscis
1064 3282 1121 3339 edi-

68 3370 197 3419 reaudeal.
209 3363 282 3434 Quid
291 3368 381 3421 audeat
391 3370 474 3423 colere
485 3368 571 3422 tscri-
614 3365 742 3433 tionibus,
751 3363 1052 3434 lempora5quodlemsre
1060 3362 1122 3420 Cio-

67 3441 110 3507 be,
122 3464 165 3496 rus
181 3449 434 3510 qu1'c0lercaudeat‚·
450 3464 509 3515 quae
523 3464 570 3497 vox
616 3440 695 3497 lanus
707 3443 844 3497 damnarat
856 3463 862 3496 :
875 3462 936 3498 nam
945 3451 1056 3497 comatos
1068 3464 1120 3514 pas·

67 3521 190 3573 exciderat
198 3561 206 3586 ‚
215 3523 248 3574 ob
256 3522 440 3590 cognationem
448 3523 570 3592 posterio·
616 3522 665 3575 sim
675 3522 755 3577 Getas
764 3522 899 3590 descxibit,
911 3535 937 3577 et
945 3523 1053 3592 pellibus
1060 3543 1121 3593 ope-

66 3597 100 3649 ris
108 3599 205 3668 syllaba
217 3603 243 3654 in
256 3621 330 3654 rarus
344 3602 429 3653 :hanc
438 3602 569 3668 conjectu·
616 3601 668 3653 rire
677 3602 759 3669 capita
769 3600 914 3655 etiamnum
927 3603 1012 3655 solent
1024 3621 1070 3670 per
1078 3622 1120 3656 se-

68 3690 125 3724 ram
144 3689 227 3742 postea
248 3679 275 3730 in
294 3679 382 3730 codice
404 3678 570 3730 Medonistto
615 3678 809 3746 plemtrionem.
823 3681 859 3731 H.

67 3749 569 3823 confirmatamdeprehendizinquorus
648 3755 687 3806 33.
713 3758 855 3810 Credantur.
879 3759 1028 3810 Pandunlur
1048 3758 1121 3810 Petri

67 3833 111 3894 qul
120 3830 201 3878 colere
210 3835 307 3883 audeas.
317 3832 353 3884 ll.
616 3832 701 3886 Servii
720 3834 800 3887 codex
812 3856 818 3888 ε
831 3836 916 3901 sorte,
931 3840 1075 3904 produalur.
1087 3837 1119 3887 B.

98 3907 136 3957 28.
145 3907 261 3956 Barbam
271 3911 351 3959 turba.
363 3907 437 3962 Geta
447 3947 454 3973 ,
464 3910 506 3976 qui
515 3929 567 3964 una
648 3911 687 3976 34.
704 3915 754 3964 Pro
763 3918 848 3979 patna
865 3918 942 3967 cultu.
960 3915 1015 3966 Pro
1028 3911 1117 3964 habitu

70 3999 123 4032 eum
136 3981 235 4034 Graeris
248 3983 352 4035 Tomon
361 3984 487 4038 habitant.
615 3987 708 4043 Graco
717 4029 724 4055 ,
733 3991 777 4058 qni
784 3992 923 4046 estcultior
934 4004 959 4045 et
968 3991 1073 4046 civilior·
1088 3987 1117 4037 P-

100 4078 134 4130 ²9·
154 4061 240 4111 51>qu
252 4064 331 4112 nobis.
351 4064 481 4117 Nobiscum
492 4065 567 4120 multi
614 4093 647 4107 ·-
658 4070 770 4122 Persica.
783 4072 899 4125 Barbara
912 4089 956 4123 sex
968 4067 1075 4122 codices.
