2722 4702
286 345 1045 423 rnrsrruunrn.1v.uuro.1v.
1138 359 1197 450 17³

186 488 260 560 Hoc
276 486 347 560 noli
365 506 451 562 certe
468 488 690 576 dissimulare,
709 509 823 592 pater:
909 541 911 545 >

141 603 377 704 Ingeniumque
394 633 521 693 meum,
537 624 633 705 potes
651 606 718 678 baec
736 606 938 693 meminisse,
957 608 1141 708 probabat,

188 720 269 795 Plus
285 721 406 806 etiam,
425 749 522 820 quam
540 749 592 794 me
607 723 714 821 judice
731 723 851 818 diguus
866 753 973 814 eram;
1168 752 1201 802 3ο

141 836 255 936 Deque
271 837 353 910 meis
370 834 429 908 illo
444 836 606 910 referebat
621 837 768 912 versibus
787 866 860 926 ore,

186 954 228 1024 ln
245 981 312 1052 qno
331 980 408 1053 pars
424 950 498 1025 altae
511 950 696 1024 nobilitatis
711 970 790 1023 erat.

143 1069 217 1140 Non
233 1067 336 1162 igitur
349 1069 411 1141 tibi
427 1095 533 1154 nunc,
553 1067 645 1166 quod
661 1093 715 1139 me
732 1066 850 1163 domus
866 1067 931 1140 ista
946 1071 1092 1170 recepit‚‘

189 1183 255 1258 Sed
273 1182 365 1283 prius
381 1183 508 1257 auctori
526 1201 605 1255 sunt
618 1181 694 1254 data
711 1182 810 1255 verba
826 1199 896 1255 tuo.

144 1299 206 1373 Nee
223 1298 300 1370 data
318 1315 412 1386 sunt,
430 1297 511 1370 mibi
533 1297 645 1385 crede,
663 1314 772 1369 tamen
786 1325 794 1368 ε
810 1296 914 1369 sedin
931 1297 1087 1374 omuibus
1102 1303 1183 1376 actis
1192 1326 1203 1391 ‚⁴

188 1411 315 1485 Ultima
332 1411 502 1499 sitiemus,
522 1411 589 1484 vita
607 1410 728 1482 tuenda
745 1436 817 1482 mea
833 1428 892 1482 est.
1171 1437 1204 1489 36

148 1527 235 1600 llanc
253 1555 406 1628 quoque,
424 1555 493 1628 qua
508 1526 608 1627 perii,
627 1524 757 1625 culpam
774 1524 880 1599 scelus
897 1552 966 1601 esse
983 1527 1140 1624 negabis,

190 1643 223 1716 Si
245 1643 328 1716 tanti
344 1640 443 1716 series
460 1641 505 1715 sit
522 1641 584 1713 tibi
601 1657 681 1713 nota
696 1639 783 1713 mali.

149 1757 213 1830 Aut
230 1759 351 1842 timor,
367 1774 423 1828 ant
439 1785 531 1831 error
544 1757 666 1844 nobis,
683 1755 776 1856 prius
795 1757 905 1831 obluit
920 1787 1035 1833 error:

195 1873 270 1959 Ah,
289 1873 358 1945 sine
375 1901 425 1945 me
439 1874 495 1946 fati
512 1903 580 1947 non
596 1874 782 1948 meminisse
799 1875 881 1948 mei!

151 1985 239 2058 llere
254 1984 458 2057 retractando
474 1986 621 2059 nondum
637 1988 788 2060 coeuntia
804 2015 953 2087 rumpam

198 2099 360 2189 Vulnera3
379 2099 433 2172 vix
450 2097 515 2173 illis
531 2101 676 2203 proderit
692 2102 763 2201 ipsa
781 2102 883 2201 quies.

152 2304 193 2352 εἰς
211 2310 324 2369 quatuor
337 2297 397 2351 libri
407 2318 415 2358 ς
427 2317 489 2350 mox
501 2299 592 2351 Sallen
603 2301 650 2353 loc
699 2319 761 2353 eum
770 2339 777 2365 ‚
787 2299 844 2369 qui,
854 2317 936 2368 quum
943 2316 1002 2351 rem
1009 2306 1152 2367 exspectet,
1160 2299 1203 2355 ni-

152 2383 200 2430 soli
204 2418 212 2441 ‚
224 2377 312 2446 scripti
322 2386 349 2430 et
357 2375 422 2428 editi
431 2375 544 2445 plurimi.
700 2377 738 2430 hil
759 2376 859 2431 invenit
881 2387 977 2447 preter
996 2376 1082 2429 rerba.
1100 2377 1210 2432 Aeclon'

180 2477 217 2530 ²9·
224 2460 300 2510 Potes
310 2459 365 2509 hec
376 2461 525 2509 messein'sse.
536 2459 594 2511 lIoc
601 2459 652 2528 pri·
702 2470 751 2512 tuo.
766 2460 837 2512 Patri
852 2470 911 2526 tuo,
926 2459 970 2528 qui
987 2459 1033 2512 tibi
1053 2467 1142 2512 auctor
1156 2459 1208 2513 fuit

154 2553 196 2588 nus
206 2534 267 2588 edit.
278 2546 305 2588 et
316 2535 374 2587 libri
386 2533 481 2603 scripti.
495 2536 530 2589 H.
702 2535 916 2604 buiusamicitise,
926 2536 1062 2607 probando
1070 2537 1207 2609 ingenium

180 2611 508 2680 so.ueju11·ce.Meeriam
520 2613 654 2681 judicante
703 2631 807 2681 meum,
825 2627 851 2669 et
865 2616 997 2686 loquendo
1008 2615 1154 2671 honorifice
1172 2616 1206 2669 de

155 2688 282 2761 ingenium
295 2710 385 2743 meum
400 2710 453 2742 uon
468 2710 520 2743 esse
534 2703 654 2757 tantum,
704 2692 769 2745 meis
775 2693 872 2748 studiis.
880 2696 911 2748 Β.

155 2781 276 2836 quantum
287 2770 323 2820 illi
336 2768 482 2837 adparebat.
495 2770 572 2821 Mun.
736 2770 775 2822 35.
788 2775 995 2827 Nectamensnae!
1003 2776 1073 2825 data.
1081 2770 1210 2837 Quamvis

181 2848 219 2900 31.
234 2850 284 2898 Illo
296 2866 344 2897 ore.
361 2846 406 2898 llla
418 2845 542 2915 gravitate
555 2846 656 2897 oratio·
705 2847 813 2902 dixerim
824 2868 866 2900 me
879 2848 1084 2914 patrituoverba
1091 2846 1208 2913 dedisse,

154 2923 269 2989 uissuse,
286 2941 341 2990 qua
348 2924 542 2986 nobilitabatur,
553 2922 587 2974 de
602 2940 661 2975 ver-
705 2946 739 2979 ne
754 2925 843 2978 rredas
859 2935 949 2975 tamen
966 2944 1009 2978 me
1027 2926 1117 2978 dixisse
1138 2923 1209 2991 quod

157 3001 223 3055 sibus
240 3000 308 3054 meis
328 3000 512 3068 pronuntiabat
530 2995 659 3066 judicium
704 3020 767 3058 eum
783 2998 948 3066 deceperim,
963 3002 1033 3070 quod
1050 3001 1129 3054 exsilii
1147 3013 1210 3056 nota

157 3100 239 3133 suum.
252 3080 340 3132 Pone.
351 3107 382 3120 -
397 3081 521 3133 Versibus.
533 3079 660 3132 Plnrs'sens
705 3081 823 3135 adlectus
835 3076 873 3129 sui
882 3095 889 3129 t
897 3079 967 3145 quod
977 3080 1141 3132 videturesse
1149 3081 1212 3134 alie-

159 3157 254 3214 Lorau.
268 3159 392 3213 Heinsius
404 3159 531 3223 malebat,
543 3163 647 3213 lusibus.
706 3177 771 3212 num
786 3158 818 3209 ab
831 3174 864 3208 eo
877 3154 947 3223 quod
961 3155 1002 3208 ille
1015 3155 1047 3208 de
1062 3175 1104 3208 me
1117 3176 1211 3212 senee-

183 3240 223 3291 32.
231 3242 547 3304 Pars-agundarum.
554 3238 659 3290 Partem
707 3246 755 3287 rat.
766 3235 817 3286 Sed
823 3238 849 3284 in
862 3236 974 3284 omae‘bus
985 3237 1064 3292 acles,
1082 3235 1176 3288 Ultima
1186 3244 1215 3292 ss'

157 3337 256 3387 magne
266 3315 660 3386 nobilitatisintelligiteloquen-
707 3317 801 3364 demas.
814 3309 867 3364 Sed
886 3310 964 3362 vitam
977 3329 1064 3364 meam
1076 3314 1209 3380 probabis,

158 3400 235 3466 bam,
250 3416 309 3468 qua·
326 3399 396 3450 inter
408 3409 511 3450 ceteras
526 3396 659 3450 Messalini
709 3399 736 3440 et
747 3387 873 3456 intelliges
886 3406 927 3439 me
939 3406 991 3440 uon
1005 3388 1104 3444 dedisse
1116 3393 1208 3459 verba,

158 3476 301 3529 nobilitates
313 3486 369 3526 erat
382 3493 474 3541 magna
484 3493 550 3543 pars.
708 3465 729 3518 si
747 3468 824 3518 totius
840 3466 899 3518 vite
911 3485 974 3520 mese
988 3488 1109 3537 cursum,
1127 3472 1212 3539 potius

188 3555 224 3618 34.
233 3555 298 3605 Suu!
306 3555 368 3603 data
382 3554 462 3602 serbo.
476 3549 558 3602 Dedit
566 3547 658 3613 verbo,
709 3561 787 3610 quam
800 3542 880 3596 finem
890 3544 1058 3617 „inspexeris

161 3645 211 3679 nou
232 3649 309 3694 rem,
338 3625 566 3696 quemadmodum
590 3633 662 3692 pater
742 3622 781 3686 37.
794 3622 1212 3689 scelmessene5abis.Malimaee·

164 3706 398 3765 ruusexioimaban
410 3704 531 3757 credebat
541 3701 610 3754 enim
619 3719 661 3754 me
707 3703 783 3764 saris.
798 3699 833 3752 H.

162 3780 266 3846 ingenio
277 3782 308 3832 ad
319 3801 453 3835 summum
465 3780 596 3849 dignitatis
604 3798 663 3848 gra·
743 3776 782 3848 39
788 3780 861 3831 Prius
868 3775 950 3842 obsiti!
955 3796 1027 3830 error.
1034 3779 1096 3831 Plus
1102 3780 1213 3834 nonnul·

162 3856 226 3909 dum
240 3871 441 3925 perventurum,
456 3877 538 3926 quum
551 3857 577 3908 iu
592 3876 663 3926 prn-
711 3852 742 3916 li;
758 3855 832 3908 male.
844 3856 879 3908 H.

160 3934 246 3988 sentia
254 3934 348 4000 ejectus
354 3939 403 3988 sim
412 3937 440 3989 iu
450 3934 567 3988 exsilium
572 3943 663 4003 prater
744 3935 783 3999 4¹·
793 3935 914 3987 Cossutia
924 3952 1007 4000 rumpe
1018 3935 1133 3985 Vulnera.
1142 3935 1216 3983 Beer·

161 4018 216 4086 ejus
225 4014 386 4084 opinionem.
400 4015 445 4068 Est
454 4025 540 4066 autem
548 4019 606 4066 darc
614 4033 664 4070 uer
707 4030 769 4079 pam
789 4011 928 4069 ‚Vaticanus
952 4011 1080 4076 optimus,
1103 4008 1216 4074 optimus

164 4095 205 4158 sa,
230 4103 261 4146 ut
281 4091 402 4146 Donatus
423 4089 524 4159 scribit,
545 4090 664 4161 decipere
713 4089 861 4156 Mediocris,
873 4100 901 4143 et
913 4098 965 4142 tres
975 4086 1030 4156 alii5
1041 4101 1136 4152 sequor
1147 4083 1217 4154 :ipse
