2722 4702
299 350 362 415 ax
388 347 568 415 rouro
591 349 687 415 nro.
713 349 784 415 1v.
809 349 976 416 uersu.
1001 352 1046 417 x.
1134 351 1200 442 4⁵9

140 491 289 586 Cumque
308 487 526 585 Borysthenio
543 487 783 588 liquidissimus
799 517 893 561 amne
911 491 1096 591 Dyraspes,
1151 523 1155 529 ·
1237 528 1240 535 ·

188 604 234 673 Et
251 602 346 673 tacite
363 629 523 700 peragens
540 601 612 675 lene
630 600 823 675 Melanthus
839 602 910 684 iter.

141 717 277 815 Quique
293 717 374 789 duas
394 735 496 792 terras
512 718 624 790 Asiam
641 717 823 816 Cadmique
842 745 987 792 sororem
1170 740 1202 792 55

191 834 343 933 Separat,
363 851 396 907 et
412 863 528 908 cursus
545 837 630 908 iuter
647 853 819 934 utramque
836 836 924 907 lacit.

140 948 374 1047 innumerique
394 947 465 1033 alii,
484 978 569 1049 quos
587 949 673 1021 iuter
689 947 850 1022 maximus
868 975 981 1021 omnes

192 1062 315 1137 Cedere
332 1065 509 1138 Danubius
527 1094 561 1138 se
581 1065 664 1152 tibi,
683 1065 778 1151 Nile,
797 1083 903 1160 neget.

144 1178 248 1278 Copia
265 1194 315 1250 tot
331 1176 481 1263 laticum,
502 1207 583 1278 quas
601 1197 719 1273 anget,
738 1173 902 1253 adulterat
917 1180 1040 1269 nudas,

190 1297 258 1367 Nec
275 1295 401 1394 patitur
417 1296 502 1368 vires
519 1324 632 1395 aequor
648 1293 768 1369 habere
787 1323 875 1370 suas.
1170 1321 1203 1371 60

145 1410 235 1505 Quin
253 1409 348 1481 etiam
366 1426 483 1503 stagno
502 1409 635 1496 similis,
652 1409 819 1510 pigraeque
835 1410 950 1511 paludi

193 1524 358 1599 Caeruleus
375 1525 427 1596 vix
446 1541 514 1611 est,
533 1523 737 1625 diluiturque
751 1524 852 1597 color.

144 1640 276 1713 Innatat
293 1640 380 1713 unda
397 1640 482 1713 sreto
500 1639 625 1726 dulcis,
642 1638 809 1740 leviorque
828 1638 953 1712 marina
967 1654 1037 1725 est,

194 1755 278 1848 Qnae
295 1756 470 1853 proprium
488 1756 588 1829 misto
606 1754 645 1828 de
663 1754 730 1828 sale
748 1754 881 1854 pondus
895 1753 1005 1826 habet.

146 1867 182 1938 Si
200 1883 292 1960 roget
309 1866 376 1939 haee
392 1868 527 1967 aliquis,
547 1899 606 1943 cur
623 1870 691 1942 siut
706 1887 835 1942 narrata
854 1867 996 1952 Pedoni,
1173 1884 1206 1936 65

196 1980 326 2075 Quidve
343 1980 437 2080 loqui
453 1984 550 2055 certis
565 1985 683 2079 juverit
702 1984 763 2056 ista
782 1981 909 2065 modis3

145 2096 302 2184 Detinui‚
321 2095 442 2183 dicam,
462 2114 610 2195 tempus,
629 2124 789 2197 curasque
805 2093 928 2168 fefelli:

194 2216 294 2287 Hune
309 2211 456 2284 fructum
469 2239 610 2312 praesens
628 2211 748 2285 adtulit
763 2211 844 2283 hora
860 2208 952 2282 milri.

144 2389 214 2438 ur‘rr's.
246 2384 408 2452 Argonautas
430 2382 550 2452 intelligit
570 2402 577 2436 ε
595 2382 651 2453 lege
735 2389 774 2454 59.
794 2383 932 2435 Adultera!
946 2381 1036 2432 undas.
1053 2377 1207 2449 Corrumpit

145 2460 324 2529 Apollonium.
700 2473 728 2514 et
739 2469 824 2512 mutat
836 2459 915 2513 maris
929 2468 1061 2512 naturam.

179 2541 218 2592 ³3.
237 2541 345 2606 Cumque
362 2539 536 2608 Borysthenio.
560 2540 652 2610 Bory-
732 2538 773 2590 63.
795 2538 871 2588 Unda
888 2540 978 2588 dulcis.
1000 2537 1075 2604 Aqua
1091 2531 1207 2586 fluvialis.

145 2618 249 2672 sthenes
257 2659 265 2684 ‚
274 2618 384 2684 fluvius,
397 2619 543 2672 seeundum
554 2620 650 2671 istrum
701 2618 869 2684 —lert'orque
880 2623 979 2668 murina
985 2626 1031 2667 est.
1040 2610 1154 2667 Causam
1163 2612 1208 2665 ad·

146 2696 264 2749 omnium
276 2699 420 2760 maniam,
432 2714 524 2764 pasena
534 2697 653 2763 praehens
700 2695 802 2763 signat,
823 2713 901 2762 qnare
917 2713 983 2762 aqna
1005 2691 1086 2745 dulcis
1107 2692 1208 2745 innatet

147 2775 653 2844 amoenissima3idemadpotaudnmsua-
701 2792 774 2842 aquae
788 2773 913 2837 marinae,
927 2772 987 2839 quia
998 2771 1040 2824 illa
1052 2770 1134 2824 levior
1145 2780 1191 2823 est.

147 2855 510 2921 sissimus-Liqneiir'ssr'mus
516 2853 653 2922 Dyraspes.
731 2852 773 2917 64.
795 2854 855 2918 Quoe
866 2855 994 2917 proprium
1013 2855 1092 2902 mixto
1108 2850 1207 2901 desole

149 2930 330 2993 Clarissimus,
349 2949 395 2982 seu
408 2929 600 2998 limpidissimus
610 2928 653 2982 ille
698 2932 797 2995 pondus
815 2932 914 2980 habeut.
935 2927 1004 2996 Quae
1023 2945 1087 2995 aqua
1106 2925 1206 2977 marina

148 3006 258 3072 fluvius,
274 3006 349 3074 eujus
367 3016 455 3058 tamen
470 3005 568 3057 nullam
585 3004 653 3073 apud
702 3006 780 3058 habet
800 3005 968 3074 gravedinem
986 3005 1055 3057 illam
1074 3003 1207 3073 propriam

148 3097 267 3138 auctores
276 3086 439 3137 mentionem
451 3083 573 3149 invenio,
588 3101 655 3152 pre-
703 3084 734 3135 ab
749 3083 805 3151 ipso
825 3082 910 3148 mari,
930 3082 1011 3134 mixtu
1029 3093 1116 3135 tamen
1137 3079 1209 3150 aquis

149 3173 269 3229 terquam
284 3162 324 3214 hir
339 3162 406 3231 apud
418 3161 553 3216 Ovidium.
703 3163 751 3215 illis
763 3162 888 3216 dulcibus.

184 3241 222 3302 54.
233 3241 386 3290 Melanthus.
401 3236 552 3291 Melanthus
560 3236 655 3289 fluvius
735 3240 775 3291 65.
790 3241 840 3291 Cur
854 3242 907 3292 dec
922 3244 975 3289 sin!
989 3246 1092 3290 narrata
1102 3238 1206 3289 Pedoni.

150 3323 189 3366 est
201 3315 227 3366 iu
241 3316 357 3367 Pontum
370 3316 466 3369 labeus.
704 3313 762 3367 Cur
774 3317 828 3370 haec
840 3315 1007 3368 Albinovano
1019 3311 1129 3367 Pedoni.

177 3395 216 3444 55.
227 3395 322 3461 Quique
327 3397 391 3445 duas
397 3403 485 3445 terras.
491 3389 603 3444 Tanaim
612 3389 654 3444 de·
734 3395 775 3464 67.
783 3397 898 3453 Damni.
911 3396 1006 3453 dicans,
1018 3412 1094 3446 curas
1103 3405 1206 3462 tempus·

148 3469 248 3538 signat,
262 3469 307 3538 qui
319 3481 388 3523 vasta
399 3469 492 3539 palude
504 3469 653 3538 profluens,
702 3492 749 3540 que
752 3471 848 3540 fefelli.
854 3470 970 3533 Batinus,
984 3474 1081 3532 di‘caur,
1094 3482 1201 3541 tempas,

148 3548 174 3602 iu
184 3550 261 3602 aliam
272 3549 409 3602 vastiorem
422 3548 583 3601 diffunditur
592 3587 599 3612 ,
608 3564 655 3600 nu-
702 3569 821 3618 curasque
830 3551 921 3619 sescla·
933 3569 964 3603 ex
981 3549 1048 3602 libro
1064 3550 1165 3604 Feschii
1179 3562 1206 3604 et

148 3628 220 3681 mine
233 3629 361 3683 utaoeim.
373 3655 405 3668 -
417 3631 508 3680 Arriam
521 3629 655 3694 Cadmique
703 3632 819 3699 quinque
838 3631 910 3695 aliis;
927 3631 963 3684 sic
977 3629 1089 3684 Metam.
1108 3631 1153 3685 lib.
1171 3632 1202 3693 Ι,

149 3723 260 3760 sororem.
275 3705 389 3776 Exponit
403 3723 460 3775 quan
475 3707 527 3758 siut
542 3704 582 3759 hae
597 3705 654 3759 dun
702 3707 956 3772 vs.682,«1)etinnit
968 3724 1089 3768 sermone
1098 3708 1181 3768 diem3
1192 3727 1205 3749 ν

152 3791 243 3848 terre,
256 3804 319 3851 quas
331 3787 426 3837 Tanais
439 3794 548 3852 separat
704 3789 805 3840 Auctor
823 3785 953 3856 pervigilii
967 3784 1094 3854 Veneris,
1108 3806 1142 3838 vs.
1157 3782 1204 3848 45:

185 3859 654 3931 55.1uterutramque.luterEuropam
704 3886 717 3911 «
730 3863 881 3918 Detineuda
899 3874 954 3918 tota
976 3884 1028 3919 uos
1046 3878 1073 3918 et
1088 3859 1205 3932 pervigi-

151 3949 179 3991 et
190 3939 276 3992 Asiam
287 3977 294 4002 ,
306 3960 368 4009 quas
380 3944 433 4011 ipse
442 3939 538 3993 Tanais
548 3939 653 4007 dividit,
702 3940 779 3995 lautia
793 3942 916 4005 canticis3
930 3965 943 3990 u
961 3962 1019 4013 qnae
1037 3941 1071 3993 ibi
1090 3956 1150 3990 vera
1166 3949 1205 3991 est

152 4027 181 4069 ut
192 4016 310 4068 diximus.
702 4020 845 4090 scriptum
863 4020 1002 4084 Manilius,
1016 4018 1058 4070 lib.
1073 4015 1098 4063 V
1112 4034 1119 4066 :
1131 4036 1144 4060 s
1158 4014 1204 4067 llle

186 4100 225 4164 57.
240 4099 339 4150 Omnes.
354 4101 450 4151 Amnes
459 4098 565 4151 Mureti.
703 4096 775 4151 dabit
786 4110 876 4152 cantus
888 4099 958 4150 iuter
971 4091 1087 4148 corrrisia
1103 4091 1205 4155 dulces,
