2722 4702
249 357 318 424 nx
342 356 530 424 rouro
553 358 650 424 nm.
683 357 750 424 1v.
781 356 950 427 uucsr.
973 360 1043 427 lx.
1104 357 1170 455 447

20 480 25 489 ¹
111 496 177 582 Ut,
197 496 353 595 quoniam
370 495 441 568 sine
457 523 510 570 me
528 513 643 590 tanges
660 493 825 595 Capitolia
841 496 975 587 consul,
1161 523 1177 574 5

159 612 205 684 Et
217 609 293 684 fiam
309 611 413 686 turbe
431 641 506 713 pars
524 641 584 708 ego
602 609 694 684 nulla
711 629 795 697 tuae,
994 617 997 621 ’

111 731 151 802 ln
167 728 294 802 domini
316 730 431 804 subeat
445 749 572 831 partes,
593 748 625 803 et
641 747 775 830 praestet
792 729 887 831 amici

160 843 318 918 Officium
333 846 425 944 jusso
442 845 534 920 litera
552 863 666 918 nostra
684 845 746 918 die.

111 963 223 1064 Atque
240 991 301 1058 ego
318 961 346 1036 si
361 963 438 1037 satis
456 964 588 1059 genitus
605 961 798 1037 melioribus
814 991 937 1051 essem,

160 1079 205 1150 Et
220 1104 290 1150 mea
308 1077 435 1151 sincero
451 1094 596 1151 curreret
612 1104 670 1165 axe
687 1096 779 1164 rota,
1147 1119 1178 1154 to

113 1191 191 1289 Quo
208 1222 297 1269 nunc
313 1213 427 1268 nostra
442 1223 557 1269 manus
573 1223 633 1295 per
649 1196 811 1296 scriptum
828 1194 999 1292 fungitur,
1016 1216 1102 1272 essct

159 1309 288 1406 Lingua
303 1308 467 1394 salutandi
484 1337 620 1384 munere
635 1309 747 1382 iuncta
766 1310 825 1381 tui.
1064 1308 1068 1316 ’

114 1423 333 1525 Gratatusque
351 1426 459 1503 darem
479 1454 554 1500 cum
570 1423 725 1498 dulcibus
742 1422 855 1498 oscula
870 1426 1000 1500 verbis:

159 1542 228 1614 Nec
244 1542 353 1615 minus
369 1540 425 1614 ille
440 1569 552 1628 meus,
572 1568 671 1642 quam
688 1557 787 1627 tuus,
806 1559 893 1614 esset
909 1541 1027 1616 honor.

110 1651 190 1743 lita,
210 1655 390 1745 confiteor,
410 1658 456 1732 sic
473 1685 578 1732 essem
597 1655 670 1730 luce
686 1655 867 1755 superbus,

158 1771 207 1842 Ut
223 1788 353 1870 caperet
368 1771 472 1846 fastus
487 1772 541 1845 vix
557 1771 676 1844 domus
693 1767 759 1843 ulla
775 1796 877 1842 meos.

109 1885 267 1983 Dumque
284 1884 369 1959 latus
386 1887 488 1960 sancti
506 1887 611 1982 cingit
627 1884 689 1958 tibi
708 1884 806 1959 turba
825 1903 979 1975 senatus,

161 1997 318 2072 Consulis
338 2017 412 2071 ante
428 1999 530 2099 pedes
547 2000 594 2072 ire
609 1998 737 2072 viderer
752 2026 861 2096 eques.

110 2115 156 2187 Et
172 2143 359 2216 quanquam
376 2141 529 2214 cuperem
546 2142 673 2215 semper
689 2113 751 2186 tibi
769 2111 940 2212 proximus
954 2139 1040 2200 esse,

161 2233 345 2307 Gauderem
360 2232 455 2306 lateri
470 2259 539 2306 non
555 2232 712 2306 habuisse
727 2229 850 2304 iocum.

111 2350 179 2421 Nec
197 2346 374 2449 querulus,
391 2349 489 2423 turba
506 2350 653 2450 quamuis
671 2347 826 2436 elidem,
844 2373 970 2422 essem:

159 2463 225 2537 Sed
237 2463 325 2539 soret
341 2496 359 2539 a
375 2463 502 2565 populo
522 2482 592 2539 tum
609 2464 690 2537 mihi
708 2461 802 2537 dulce
816 2462 931 2564 premi.

110 2577 335 2679 Prospicerem
353 2581 519 2676 gaudens,
538 2598 683 2681 quantus
701 2579 786 2653 foret
801 2579 940 2674 agminis
959 2575 1059 2660 ordo,

159 2697 334 2798 Densaque
352 2728 450 2799 quam
468 2697 605 2792 longum
621 2696 718 2769 turba
739 2712 863 2769 teneret
879 2696 951 2766 iter.

110 2813 252 2912 Quoque
269 2814 374 2906 magis
391 2813 484 2886 noris
503 2841 602 2912 quam
618 2840 669 2885 me
687 2811 833 2906 vulgaria
851 2826 1006 2903 tangant,
1140 2829 1173 2880 25

159 2930 369 3029 spectarem,
388 2927 494 3038 qualis
509 2956 659 3028 purpura
676 2946 708 3001 te
728 2945 859 3022 tegeret.

110 3105 136 3148 ta
149 3112 156 3146 ε
170 3095 207 3147 E!
214 3097 331 3163 quonium
344 3101 400 3146 siue
414 3112 453 3145 me
465 3103 554 3163 tau5es
567 3095 617 3146 Ca·
664 3112 710 3151 rer,
720 3111 780 3144 cum
790 3111 844 3144 uno
850 3089 978 3144 Vaticano
987 3110 993 3144 :
1003 3098 1029 3143 et
1037 3093 1118 3157 cusp?
1123 3107 1172 3157 pro

105 3174 206 3238 pitolru.
220 3170 315 3224 Scribit
332 3171 420 3224 Livius
437 3171 556 3224 consules
573 3169 613 3222 die
663 3168 1170 3240 cingetpotiores,proecedentiversu.H.

109 3249 274 3318 magistratus
283 3249 354 3316 initi,
363 3248 534 3303 soiitossuisse
543 3246 614 3300 adire
662 3253 785 3319 -Epuen
800 3249 857 3319 Ego
868 3271 899 3303 ex
910 3248 1024 3318 equestri
1036 3247 1170 3301 ordine.-

109 3327 238 3395 tempium
249 3326 338 3394 dosis,
351 3338 378 3380 ct
387 3324 513 3394 proficisci
522 3326 549 3377 in
560 3322 614 3377 Ca·
662 3330 731 3381 Ante
736 3332 816 3394 pedes
829 3330 941 3380 consulis
955 3331 998 3378 ire.
1017 3324 1169 3378 Precedere

107 3405 228 3475 pitotium
240 3404 271 3457 ad
283 3416 341 3458 vota
353 3403 537 3473 nuncupanda.
662 3417 687 3459 te
697 3406 831 3459 consulem
845 3404 871 3456 in
887 3423 917 3456 ea
932 3422 1028 3472 pompa
1040 3403 1073 3456 de
1086 3421 1169 3457 mure.

141 3488 163 3536 5.
177 3484 346 3550 Elquoue'am·
361 3482 397 3533 U!
407 3479 498 3535 decem
509 3478 614 3547 scripsit
661 3486 788 3540 Sciebant
799 3487 873 3541 euim
888 3486 987 3555 equites
1005 3485 1168 3555 precedere,
1235 3557 1238 3564 Ι

107 3574 185 3617 recte.
199 3563 298 3616 lisina.
660 3575 766 3618 senatus
778 3584 841 3618 vero
853 3564 985 3633 subsequi.

142 3648 170 3694 15
187 3646 237 3696 Illa
245 3649 307 3695 luce.
322 3638 421 3696 lttodie
430 3638 612 3692 Kalendarum
694 3662 734 3695 so.
749 3646 890 3697 Gauderem
904 3646 998 3696 lateris.
1014 3641 1105 3695 lateri
1113 3661 1169 3695 ma·

107 3718 234 3772 Januarii.
661 3723 711 3793 jori
722 3743 752 3776 ex
764 3734 836 3792 parte
850 3722 916 3776 iibri.
928 3722 1028 3776 Htltts.

144 3798 180 3848 15.
196 3800 264 3852 Ulla.
279 3805 330 3855 Illa
345 3799 442 3871 Regius
456 3809 483 3851 et
499 3799 529 3851 P.
544 3796 613 3853 Dan.
694 3805 733 3865 25.
744 3805 846 3869 Quoque
855 3805 937 3867 Μὴ
947 3799 1167 3857 northistiebon

108 3876 198 3929 N0⁵¹ri
210 3881 279 3936 ulla:
292 3881 361 3947 quod
374 3900 436 3934 sane
448 3878 549 3932 melius.
659 3888 817 3947 suspectum.
826 3877 862 3932 H.
870 3905 902 3917 -
913 3878 993 3945 Quam
1005 3899 1044 3933 me
1053 3877 1168 3939 uulfflria

145 3973 182 4020 ¹7·
193 3957 287 4007 meti.
300 3957 344 4008 Sic
353 3957 446 4012 Horat.
456 3954 510 4010 0d.
522 3956 571 4020 IV,
583 3972 611 4022 v,
660 3964 773 4025 tanqam.
780 3953 920 4023 Quantum
930 3975 973 4008 me
982 3955 1164 4014 delectentea,

79 4080 83 4088 .
108 4036 141 4101 4,
150 4044 250 4101 patrum
259 4047 373 4087 sanctum
381 4039 514 4089 concilium
525 4033 595 4088 dixit.
660 4028 756 4099 quibus
767 4032 858 4103 vulgus
872 4034 951 4087 etiam
965 4035 1091 4090 motttur·

144 4112 180 4163 18.
190 4113 230 4164 Ire
231 4111 333 4179 juberer
338 4129 419 4181 eques.
428 4111 533 4166 Rectius
542 4116 612 4166 uide-
695 4111 733 4163 ab.
742 4113 834 4177 Qualis
838 4125 955 4178 purpura.
963 4104 1053 4170 Quam
1059 4099 1166 4169 pulchra
