2722 4702
198 377 262 446 262
488 374 526 438 P.
553 370 734 440 OVIDII
762 368 987 437 NASONIS

199 519 263 603 At,
280 532 379 616 puto,
401 540 503 613 quum
519 510 664 610 requies,
681 507 907 610 medicinaque
921 505 1057 609 publiea
1075 535 1162 581 cnrae

250 632 393 704 Somnus
406 624 517 714 adest,
536 623 644 699 solitis
659 652 725 698 nox
740 626 829 698 venit
845 625 927 699 orba
941 622 1055 699 malis:

201 747 334 820 Somnia
353 771 404 816 me
421 759 546 816 terrent
561 769 657 814 veros
675 740 837 814 imitantia
854 768 968 828 casus;
1114 747 1116 750 ’

251 865 298 935 Et
312 859 449 956 vigilant
469 887 584 933 sensus
599 859 634 930 in
652 885 723 930 mea
739 857 854 930 damna
873 855 946 929 mei.

203 984 274 1055 Aut
292 1008 357 1076 ego
370 977 563 1050 Sarmaticas
578 974 692 1047 videor
706 973 808 1047 vitare
825 972 979 1066 sagittas3

253 1089 324 1170 Aut
340 1095 416 1168 dare
434 1091 578 1192 captivas
595 1089 636 1163 ad
654 1090 722 1163 lem
738 1087 845 1162 vincla
858 1115 997 1163 manus:

205 1217 289 1297 Aut,
307 1211 366 1284 ubi
383 1209 528 1309 decipior
544 1205 689 1280 melioris
703 1204 846 1300 imagine
862 1201 985 1290 somni,

253 1325 414 1426 Adspicio
431 1324 546 1425 patriae
561 1341 646 1397 tecta
660 1319 772 1395 relicta
790 1347 869 1393 mere
884 1348 892 1391 τ

208 1445 252 1518 Et
266 1442 366 1516 modo
384 1440 571 1526 vobiscum,
590 1466 675 1538 quos
693 1466 766 1511 eum
782 1452 969 1521 veneratus,
988 1431 1097 1521 amici,

255 1560 301 1630 Et
318 1556 420 1630 modo
437 1583 512 1628 eum
531 1581 603 1627 cara
620 1552 779 1651 conjuge,
798 1551 901 1625 multa
919 1550 1050 1652 loquor.

210 1671 281 1756 sie,
298 1671 358 1743 ubi
375 1685 529 1769 percepta
544 1684 594 1740 est
610 1666 718 1740 brevis
735 1683 768 1739 et
785 1693 855 1740 non
870 1693 945 1739 vera
961 1663 1131 1765 voluptas,

256 1784 357 1882 Pejor
372 1785 414 1856 ab
429 1782 600 1856 admonitu
617 1781 657 1855 stt
672 1798 778 1857 status
796 1781 858 1855 iste
872 1779 964 1854 boni.

211 1901 284 1972 Sive
302 1876 371 1971 dies
390 1898 491 1994 igitur
507 1914 607 1998 caput
622 1897 686 1970 hoo
702 1894 887 1970 miserabile
903 1896 1028 1982 cernit,
1068 1958 1070 1962 .
1237 1912 1269 1963 55

230 2092 239 2099 ,,
258 2015 333 2089 Sive
347 2015 497 2118 pruinosi
512 2014 620 2088 noctis
637 2030 783 2110 aguntur
797 2011 873 2113 equi
890 2040 898 2099 ;

212 2126 267 2205 sie
280 2158 352 2205 mea
368 2132 536 2233 perpetuis
552 2130 726 2232 liquefiunt
743 2148 877 2230 pectora
893 2128 999 2215 euris,

211 2346 258 2396 pua
269 2326 432 2398 porrigitur,
447 2337 584 2397 rostroque
596 2327 718 2382 immania
765 2329 863 2379 sommi
872 2324 993 2392 UtVirg.
1006 2322 1095 2390 Eclog.
1108 2324 1136 2387 l,
1150 2322 1272 2377 ηπῶς

210 2405 298 2456 vultur
309 2404 571 2465 obunoodmortale
581 2406 654 2472 jecur
662 2416 720 2458 tun·
766 2422 885 2456 nectara
889 2406 982 2469 peculi.
997 2400 1104 2454 Ludunt
1112 2420 1161 2455 noo
1171 2402 1274 2455 somnia

213 2482 296 2544 dena,
313 2478 582 2548 loecundaqoe'poenis
595 2474 718 2546 Viscera,
766 2485 794 2536 in
806 2493 944 2548 utramque
957 2493 1066 2550 partem.
1078 2480 1109 2535 P.

213 2558 374 2623 rimaturque
390 2554 488 2624 apulie,
501 2550 652 2622 helihtque
671 2558 719 2610 sub
799 2565 839 2615 50.
862 2561 940 2611 Tecta
958 2564 1054 2614 macta.
1084 2563 1176 2630 Regna
1199 2565 1274 2614 decta

215 2635 266 2688 alto
275 2635 385 2687 Pectore
396 2651 403 2684 ε
415 2650 466 2685 ner
476 2630 549 2685 tibris
557 2632 721 2701 reqoieutn-
767 2626 836 2690 urim
850 2652 860 2689 a
873 2654 909 2690 an
927 2634 1027 2691 dietum
1044 2626 1076 2693 'itt
1094 2639 1165 2708 apud
1181 2639 1275 2707 Virgil.

215 2725 259 2765 tur
269 2711 320 2764 ulla
329 2710 455 2764 renatis.»
768 2709 821 2766 Ed.
835 2713 865 2780 Ι,
880 2734 916 2767 vs.
931 2735 962 2782 70
974 2733 980 2766 :
992 2717 1077 2770 «Post
1088 2715 1200 2786 aliquot,
1211 2730 1278 2769 mea

239 2788 720 2858 43.Mede'ct'naqnepnble'cacm.Som·
767 2809 848 2860 regna
860 2793 967 2858 videns,
981 2795 1098 2848 mirabor
1111 2793 1228 2848 aristas.»

216 2889 265 2922 nus
277 2869 347 2921 enim
358 2868 424 2921 solet
436 2887 490 2921 esee
501 2886 623 2921 curarum
635 2867 721 2921 medi·
801 2872 840 2924 53.
856 2873 911 2934 Sic,
924 2877 1092 2940 ubr'pcrcepta
1105 2881 1144 2925 est
1156 2875 1238 2925 dreni
1251 2881 1278 2926 et

215 2950 281 3002 eina.
291 2946 372 2999 Unde
381 2947 429 3001 lris
438 2985 446 3011 ,
455 2945 522 3014 apud
535 2944 613 2999 Orid.
625 2946 668 3001 lib.
680 2946 720 3000 Xl
768 2969 818 3001 non
833 2969 893 3003 ocra
909 2954 1031 3016 uoluptas.
1047 2953 1177 3004 Numeros
1191 2950 1276 3003 Naso-

218 3024 396 3095 Metamorph.
405 3027 440 3078 ita
448 3025 564 3094 loquitur
572 3045 578 3078 :
586 3049 598 3071 «ι
606 3025 719 3095 Somne,
769 3027 862 3080 nianos
871 3027 913 3080 hic
924 3047 977 3080 non
991 3047 1115 3097 agnosco:
1126 3028 1275 3083 aPatavino

217 3107 289 3175 quies
304 3122 415 3169 rerum,
435 3103 603 3171 placidissime
621 3105 720 3158 Somne
770 3106 880 3158 verbum
892 3106 1082 3159 substantivum
1096 3108 1193 3160 aberat.
1209 3108 1276 3160 For·

217 3184 336 3235 Deorum
351 3202 358 3245 ;
377 3182 429 3234 Pax
445 3181 525 3234 animi
540 3221 547 3247 ,
567 3201 648 3250 quern
661 3201 723 3236 rura
770 3192 809 3235 te:
820 3204 833 3228 o
843 3183 887 3237 Sic
895 3184 1000 3251 ubijam
1008 3194 1127 3252 percepta
1134 3185 1221 3239 brevis
1229 3203 1276 3238 nec

217 3261 301 3329 fugit,
315 3261 359 3328 qui
373 3277 482 3329 corpora
493 3258 565 3311 duris
578 3260 600 3312 F
601 3279 654 3312 erra
665 3258 722 3311 mi·
770 3280 831 3313 vera
843 3262 988 3330 voluptas.»
1002 3262 1277 3315 Nloxstalusistenon

220 3339 443 3402 nisteriismulcer,
452 3356 606 3406 reparasque
615 3337 723 3390 labori.»
769 3344 813 3391 ille
822 3340 909 3408 scripti
917 3339 1037 3391 meliores
1052 3360 1057 3393 :
1071 3349 1096 3392 et
1106 3350 1194 3405 postea
1203 3347 1279 3405 prui-

250 3416 290 3480 45.
302 3417 434 3465 latitantia
444 3432 517 3465 veros
531 3431 614 3466 casus.
629 3409 722 3481 Quum
771 3421 901 3485 nosr'equr',
916 3433 970 3467 non
979 3423 1104 3481 prnrtrosae
1112 3421 1193 3465 noctis
1205 3434 1214 3463 .·
1226 3417 1276 3468 etsi

220 3491 355 3556 sintfalea,
364 3489 487 3543 videntur
497 3502 723 3546 tameuveraeere.
771 3496 797 3547 in
809 3492 947 3547 timoribus
958 3491 1160 3554 dixeritnoster,
1171 3488 1215 3542 lib.
1229 3491 1255 3544 ll
1267 3533 1275 3559 ,

253 3569 293 3634 46.
302 3570 551 3633 Eragilantsensus.
561 3567 595 3621 Et
603 3570 725 3623 meisen-
772 3573 912 3643 Eleg.1tx,
927 3589 961 3623 vr.
971 3589 1000 3620 aa
1011 3587 1017 3621 τ
1028 3593 1040 3614 ιι
1052 3568 1140 3633 Longa
1148 3568 1278 3635 pruinosa
1311 3625 1314 3629 ,

219 3667 277 3712 sue,
289 3647 389 3715 inquit,
402 3644 522 3712 vigilant,
531 3647 685 3700 somniando
694 3666 724 3700 ea
771 3648 868 3718 frigora
880 3658 955 3702 nocte
966 3644 1027 3714 pati.
1039 3667 1051 3690 υ
1064 3645 1100 3697 Η.

222 3746 279 3798 quae
291 3727 354 3779 milri
367 3724 495 3776 damnum
506 3724 636 3781 adserunt.
805 3730 844 3794 54.
853 3728 894 3779 Aa
902 3729 1035 3781 admonitu.
1043 3725 1106 3778 Post
1114 3726 1275 3781 recordatio·

254 3807 294 3872 48.
308 3807 427 3873 Captrias
435 3802 526 3868 r'nsem
538 3809 622 3858 wircla
629 3826 724 3860 manns.
772 3824 835 3858 nem
848 3804 951 3874 patriae,
966 3804 1127 3870 anticorum,
1144 3817 1171 3859 et
1185 3809 1278 3874 eonju-

225 3881 514 3952 Adfiravinclaseripti
524 3900 588 3935 man
600 3903 631 3936 ex
643 3893 723 3953 parte.
772 3886 824 3952 gis,
838 3901 895 3952 que
903 3893 1026 3950 tanquam
1039 3883 1181 3937 bonamihi
1191 3895 1278 3951 erepta

255 3966 294 4034 49.
304 3961 415 4026 Imagine
424 3964 511 4013 somni.
521 3960 539 4012 J
541 3960 726 4012 ucundioribus
774 3983 828 4016 esse
841 3962 925 4014 doleo.

223 4038 345 4100 somniis,
359 4037 451 4106 quibus
463 4036 596 4090 interdum
607 4034 724 4089 deludor.
805 4043 844 4092 55.
858 4044 940 4108 Caput
951 4043 1005 4094 doc.
1017 4040 1137 4111 Seipsunr
1151 4037 1277 4103 designat.

224 4150 256 4164 -
268 4123 355 4176 Somni
370 4117 433 4172 dixit
450 4110 499 4188 p'er
515 4114 662 4186 Synnreain
677 4131 725 4183 pro
805 4111 1277 4186 57.liquefiaeatpectmcrtis.8irFa
