2722 4702
296 334 594 402 unnonono
619 298 653 400 'A
677 335 1043 407 vnnruursnn.
1139 339 1204 433 tor

139 473 268 573 Perque
286 475 358 575 pias
376 473 535 574 lacrymas
553 474 698 548 rorantia
715 475 873 569 sanguine
890 478 975 552 vidit

190 589 230 659 ln
246 589 362 663 rostlis
378 589 524 690 populus
541 589 687 663 consulis
704 618 761 663 ora
776 591 850 664 sni:
1170 638 1204 692 90

143 704 193 774 Ne
211 700 316 788 loret,
336 705 502 805 oppressis
522 732 595 804 quae
613 704 774 778 libertatis
792 735 934 780 amorem

194 817 375 906 Redderet,
393 837 449 893 aut
467 819 580 893 odium
598 819 711 915 lingua
727 821 847 896 diserta
865 825 945 922 jugi.

146 931 263 1005 Secula
279 933 358 1032 quid
372 936 494 1033 jactant
507 933 606 1009 nobis
620 935 751 1011 felicia?
768 937 857 1011 culto

196 1045 283 1140 Quis
297 1046 409 1120 bonor
427 1047 573 1148 eloquio,
593 1066 625 1121 te
642 1048 852 1137 dominante,
867 1051 953 1124 luit?

148 1162 301 1262 Principe
319 1182 366 1251 te,
383 1166 473 1240 vocis
490 1164 656 1239 Facundia
674 1164 819 1265 perdidit
836 1195 948 1254 usum,

196 1280 405 1379 Linguaque,
423 1309 523 1380 quam
541 1281 672 1383 stupuit
687 1282 805 1368 Curia,
823 1300 913 1355 muta
929 1281 1002 1357 suit.

148 1397 216 1467 Nec
233 1394 379 1491 jugulare
397 1415 496 1498 caput
512 1400 603 1470 vocis
619 1416 774 1471 contente
793 1397 926 1485 solutae,

197 1509 322 1581 Aonias
339 1510 434 1581 Latio
449 1507 546 1608 pellis
561 1511 603 1585 ab
621 1511 702 1585 orbe
719 1513 827 1586 Deas:

151 1627 298 1727 Quaque
315 1629 554 1728 Agannippeos
570 1647 737 1702 mutarunt
755 1628 925 1730 Thybride
939 1629 1069 1717 fontes,

198 1742 357 1825 Barbare,
373 1741 543 1815 Bistonias
557 1743 648 1837 cogis
664 1741 754 1815 adire
770 1743 871 1815 nives.

154 1853 278 1925 cesare
300 1868 349 1935 te,
367 1854 474 1936 Naso,
493 1855 652 1927 Romanu
666 1853 900 1947 gloriamusae,

201 1969 276 2040 Jam
294 1964 391 2037 discit
406 1966 550 2065 scythice
566 1965 802 2062 sarmatieeqne
818 1964 933 2063 loqui:

156 2086 306 2183 Quaeque
322 2082 416 2182 prius
435 2098 564 2174 gentem
581 2077 756 2178 rapiebant
773 2075 860 2151 culta
878 2095 1021 2173 togatam

205 2198 375 2283 Carmina,
393 2213 516 2270 naturae
533 2194 731 2270 luxuriantis
748 2219 847 2293 opes,

157 2317 321 2400 Devovet,
342 2331 392 2399 et,
411 2313 522 2413 patrie
538 2311 687 2412 perdens.
695 2309 889 2384 commercia
905 2311 1010 2398 vocis,

205 2432 371 2506 Braccatis
386 2430 502 2504 recitat
517 2429 701 2505 semilatina
720 2428 823 2501 Getis.

158 2551 295 2622 Ferreus
313 2548 482 2643 ingenium
500 2547 627 2643 fregisti
646 2541 775 2630 nobile,
795 2572 862 2643 quo
879 2572 949 2617 non·

208 2662 340 2737 Cultius
356 2664 389 2735 in
407 2662 503 2735 Latio
523 2662 704 2735 fertiliusvc
721 2661 794 2734 tuit.

159 2782 228 2854 Nec
246 2782 350 2879 pudet
362 2780 448 2852 bane
462 2778 550 2853 tristi
567 2806 698 2851 causam
713 2774 915 2878 praetendere
932 2802 1070 2877 paene,¹

210 2895 363 2971 Carmina
380 2895 470 2996 qnod
488 2895 610 2970 tenuis
627 2893 745 2969 luserit
761 2911 836 2968 ante
850 2894 988 2969 modis?

163 3013 249 3097 Cur,
269 3012 332 3085 tibi
349 3012 405 3112 qui
424 3010 524 3085 toties
539 3011 640 3084 vitam
656 3036 828 3111 moresque
845 3011 1014 3111 probavit,

211 3130 405 3229 Projicitur‚
423 3126 516 3202 nullo
533 3127 668 3202 crimine
686 3145 785 3201 notus
800 3130 925 3227 eques?

166 3244 314 3344 Curque,
333 3240 415 3315 nibil
428 3242 537 3340 juveni
555 3270 627 3342 quar
644 3241 787 3314 carmina
800 3240 874 3315 leta
889 3243 1070 3333 nocebant,

213 3358 375 3432 Exsilium
391 3359 511 3431 misero
530 3358 623 3431 triste
638 3356 755 3430 dedere
773 3357 868 3429 seni?

166 3475 235 3549 Cur
251 3475 319 3569 agis
334 3474 370 3545 in
385 3490 552 3556 sanetum,
567 3473 685 3545 veteris
698 3472 762 3545 snb
780 3472 920 3566 imagine
939 3470 1064 3574 eulpae,

214 3591 369 3664 Terribili
385 3589 509 3662 fulmen
525 3616 629 3662 sevus
645 3589 688 3661 ab
705 3617 779 3661 arce
794 3607 912 3689 caput;

168 3711 236 3781 Nec
253 3710 357 3783 scelus
373 3709 545 3804 objicitur,
563 3735 622 3778 nec
639 3705 690 3779 lex
708 3725 883 3791 temerata;
902 3706 960 3778 sed
975 3734 1083 3797 error,

218 3825 328 3922 Atque
348 3822 463 3897 oculos
476 3822 609 3923 probris
626 3821 800 3895 inseruisse
821 3822 896 3894 tuis.

173 3937 276 4033 Quod
293 3955 365 4018 tna,
383 3937 433 4011 vel
447 3938 559 4036 stirpis
577 3937 731 4036 spectarit
749 3936 885 4008 crimina
905 3954 1036 4023 νεοίη,

224 4051 403 4139 Plcctitur;
421 4083 441 4125 o
458 4080 563 4151 poenae
579 4081 673 4126 eausa
691 4050 845 4149 pudenda
861 4054 954 4125 lerae!
