2722 4702
198 370 260 435 180
473 367 513 432 P.
546 365 720 434 OVIDII
745 361 970 436 NASONIS

191 510 352 607 Tempore
368 524 461 606 paret
478 533 583 604 equus
600 503 697 577 lentis
712 505 879 580 animosus
898 507 1055 596 habenis,

238 623 284 694 Et
299 621 428 722 placido
447 618 549 693 duros
566 618 687 718 accipit
703 648 757 693 ore
775 621 893 721 lupos:

189 741 352 839 Tempore
369 739 547 810 Poenorum
562 737 781 836 compescitur
796 739 843 811 ira
859 738 1010 826 leonum,

237 857 307 928 Nec
323 853 436 927 feritas
453 852 577 937 animo,
595 879 668 951 qua
683 849 746 923 fuit
763 871 857 938 ante,
874 871 1002 926 manet:

190 972 338 1071 Quaque
355 970 406 1045 sui
423 968 556 1042 monitis
574 967 783 1067 obtemperat
799 970 881 1042 Inda
896 969 1041 1065 magistri

238 1083 374 1172 Bellua,
393 1084 561 1157 servitium
580 1098 725 1181 tempore
743 1082 827 1156 victa
843 1084 955 1157 subit:

191 1204 356 1302 Tempus,
373 1218 412 1273 ut
428 1198 567 1276 extentis
582 1215 704 1271 tumeat
719 1197 797 1271 sarit
813 1226 873 1271 uve
891 1197 1043 1284 racemis,

242 1319 372 1419 Vixque
389 1343 515 1389 merum
533 1311 662 1412 capiant
680 1340 799 1406 mana,
819 1312 906 1412 quod
924 1314 1014 1386 intus
1030 1312 1172 1385 habeut:
1219 1352 1249 1384 m

190 1432 336 1531 Tempus
352 1447 385 1503 et
403 1430 437 1501 iu
456 1455 551 1500 canas
564 1452 675 1499 semen
691 1426 845 1524 producit
860 1428 996 1516 aristas,

238 1546 284 1615 Et
300 1572 342 1616 ne
359 1542 426 1615 sint
444 1542 530 1615 tristi
548 1568 646 1640 poma
662 1567 777 1639 sapore
796 1538 889 1609 sarit:

190 1659 264 1732 Hoc
282 1671 395 1729 tenuat
412 1654 543 1726 dentem
561 1671 663 1726 terras
679 1653 865 1726 renovantis
883 1655 1002 1741 aratri,

237 1771 312 1842 Hoc
326 1767 447 1863 rigidas
464 1767 591 1856 silices,
610 1767 675 1841 hoc
693 1767 861 1842 adamanta
878 1767 973 1841 terit:

187 1935 222 1990 tia
229 1933 439 2003 aliaasuperiore
445 1942 486 1987 est
496 1943 535 1988 :et
546 1953 627 2008 quum
638 1933 694 1989 lime
740 1953 822 1988 semen
838 1935 955 2001 perducet
972 1940 1073 1989 aristas.
1093 1937 1147 1989 Pro
1164 1957 1247 1993 semea

187 2012 321 2082 querelam
340 2013 451 2066 miserim
469 2030 522 2066 susa
543 2013 691 2078 continuat,
741 2010 1120 2080 unusvaricsmpemttustid.
1131 2023 1247 2082 speciem.

186 2090 229 2144 illa
242 2101 331 2144 autern
343 2089 551 2160 impetitionem
564 2089 620 2143 haec
631 2108 694 2160 pro-
741 2088 810 2158 Lege
818 2094 926 2155 spicam,
941 2088 1106 2156 velscgeten,
1122 2101 1167 2143 aut
1178 2113 1248 2145 mes-

186 2169 283 2224 miscue
297 2167 330 2222 ad
340 2187 432 2222 omnes
440 2168 545 2234 amicos,
555 2169 607 2221 sive
615 2168 695 2221 lecto·
740 2181 809 2228 κως
828 2184 876 2234 pro
882 2168 997 2233 perducet
1008 2184 1045 2232 pr.
1057 2165 1139 2218 Vatic.
1153 2178 1180 2219 et
1201 2168 1245 2220 alii

187 2267 243 2315 res,
254 2245 298 2300 illa
310 2245 433 2300 adsolom
442 2246 585 2314 eumenius
594 2265 694 2300 nomeu
741 2243 847 2312 plurimi
860 2246 986 2311 producet.
1000 2242 1098 2296 Httrns.

188 2345 220 2379 ex
236 2325 436 2378 circumstantiis
456 2323 590 2390 describit,
610 2324 693 2393 perti·
777 2341 813 2374 ra.
826 2323 865 2375 Ne
874 2326 929 2374 siut
937 2324 1005 2372 tristi
1009 2339 1087 2387 potua
1098 2339 1186 2388 sapore
1195 2325 1246 2391 sa-

188 2420 253 2456 nere
265 2399 377 2453 videtur.
390 2401 493 2453 Mtcrc.
740 2402 782 2452 cit.
791 2399 868 2450 Caret
874 2397 1006 2467 eleganter
1014 2397 1154 2452 leidensis.
1163 2401 1201 2454 H.

220 2480 244 2530 3.
258 2479 351 2530 Leutt's.
365 2475 538 2528 Flexibilibus.
776 2477 812 2528 13.
827 2479 933 2528 Dentem
950 2489 1038 2530 terram
1044 2482 1167 2548 findemm
1185 2502 1247 2533 ara·

219 2557 335 2620 Mum
344 2554 424 2619 lupas.
434 2553 508 2603 Dura
517 2553 604 2605 sraeua
612 2555 694 2621 lupa·
740 2555 780 2605 tn‘.
795 2551 873 2606 lllulti
886 2563 965 2605 terras
965 2557 1103 2623 findentis,
1119 2557 1159 2609 vel
1174 2562 1245 2609 setie-

184 2645 213 2688 ta
225 2642 313 2684 autem
326 2627 454 2697 iutelligit.
473 2629 519 2681 Est
531 2630 603 2681 enim
614 2635 693 2696 lupa·
738 2635 821 2685 deatt's
826 2649 835 2697 ,·
844 2633 978 2686 Barbariu.
986 2645 1012 2687 et
1019 2646 1072 2703 opt.
1080 2635 1175 2688 Medic.
1183 2655 1245 2689 cum

185 2721 250 2772 tum,
264 2708 377 2763 frenum
386 2725 515 2776 asperum,
525 2727 578 2775 quo
585 2709 645 2776 equi
653 2709 695 2760 fe·
741 2708 842 2762 duobus
854 2709 908 2763 aliis
925 2722 951 2764 et
968 2711 1056 2778 priscis
1072 2711 1243 2778 editionibus,

188 2788 300 2842 nociores
309 2783 515 2839 coercenturtsie
522 2785 635 2849 dietum,
645 2804 693 2835 au·
740 2796 820 2839 terras
828 2793 985 2850 marrantia
995 2800 1021 2841 et
1032 2791 1114 2858 placet
1123 2809 1129 2842 :
1139 2810 1245 2842 renova-

188 2877 259 2919 ctore
279 2863 390 2927 Servio,
410 2865 423 2914 a
441 2861 536 2933 lupinis
554 2861 692 2927 dentibus,
740 2883 768 2917 re
780 2874 869 2917 terram
878 2884 925 2932 pro
932 2885 1003 2918 arare
1010 2868 1102 2935 passim
1112 2879 1245 2922 vetereset

190 2943 235 3012 qui
248 2940 386 3011 inrequales
397 2950 466 2994 suut.
741 2942 837 2997 Noster
846 2960 927 3012 serpet
937 2955 966 2997 ut
975 2943 1041 2998 Met.
1054 2949 1077 3010 l,
1091 2962 1152 3001 uo:
1164 2968 1177 2993 o
1188 2948 1245 3003 Nec

220 3025 243 3074 5.
258 3025 432 3090 Compesct'tar.
449 3020 610 3085 compellitur
624 3014 693 3071 Μο-
740 3031 879 3073 renovatus
889 3039 951 3090 agar
958 3021 1069 3092 gravidis
1076 3024 1182 3079 canebat
1192 3027 1244 3078 ari-

189 3100 246 3154 reti.
259 3100 380 3153 Setorum
391 3102 488 3151 leonum
501 3096 580 3148 Beru.
739 3099 783 3150 stis
794 3120 800 3160 ς
812 3120 824 3143 o
832 3097 900 3152 inira
910 3099 950 3152 El.
959 3114 1010 3166 111,
1020 3103 1051 3152 23
1059 3121 1065 3153 :
1073 3103 1195 3158 «Fertilis
1203 3104 1244 3156 ad·

221 3198 243 3246 7.
255 3179 321 3230 Inda
331 3181 421 3231 bellua.
438 3175 614 3243 Elephantes,
633 3173 692 3242 quia
739 3173 839 3228 siduosi
846 3193 898 3227 uon
905 3187 1048 3230 renovetur
1056 3191 1151 3243 aratro,
1160 3182 1243 3233 Nilni·

188 3256 312 3325 paulatim
329 3257 456 3324 magistris
472 3273 561 3322 parere
581 3272 693 3306 consue·
739 3254 760 3305 si
767 3271 827 3306 eum
835 3252 913 3320 spinis
922 3271 1029 3321 gramen
1039 3254 1218 3323 babebitager.
1230 3281 1242 3303 o

189 3342 284 3385 verunt
294 3351 369 3384 :nam
380 3351 470 3400 regem
480 3331 636 3396 adorabant,
646 3351 693 3401 ge·
744 3333 835 3382 Terras
841 3334 963 3397 patientt's
974 3351 1013 3399 pr.
1028 3333 1110 3384 Vatic.
1121 3333 1164 3383 An
1175 3334 1241 3385 sorte

188 3428 241 3462 uua
260 3408 462 3469 submittebant,
480 3427 589 3461 coronas
608 3408 693 3476 porri-
738 3405 902 3459 scribendum
926 3424 963 3456 :o
982 3407 1113 3460 Adtenuat
1133 3408 1240 3459 dentem

188 3487 300 3557 gebaut,
311 3482 417 3536 funibus
425 3483 552 3536 subibant.
565 3485 642 3540 Mna.
739 3496 842 3554 tempus
853 3484 973 3555 patieutis
980 3487 1056 3538 aratri
1066 3525 1074 3552 ‚
1085 3507 1098 3530 o
1108 3496 1135 3537 ut
1149 3486 1241 3539 Amor.

219 3566 378 3635 qllacemr's.
391 3562 498 3615 Raremi
514 3563 616 3628 proprie
631 3573 692 3616 suut
740 3565 861 3632 lib.l,El.
871 3566 915 3619 ult.
924 3567 953 3618 31
965 3583 971 3616 :
984 3587 998 3610 ι
1012 3565 1081 3634 Ergo
1090 3583 1170 3632 quum
1181 3566 1241 3619 sili-

188 3662 244 3696 uvae
252 3643 379 3708 minores,
387 3639 637 3711 grauisexilioribus3
646 3642 692 3711 qui
736 3661 792 3708 ees,
806 3662 887 3712 quum
896 3643 961 3696 dens
970 3642 1089 3711 potientis
1099 3644 1178 3696 aratri
1190 3643 1243 3697 De·

188 3721 342 3791 plerumque
362 3723 377 3772 a
395 3717 625 3772 vindemiatoribus
643 3720 690 3773 sub
737 3733 846 3787 pereant
858 3741 942 3775 aero.»
954 3721 1052 3773 Herus.

188 3799 312 3871 pampino
325 3797 434 3851 latentes
447 3794 613 3863 fallentesque
628 3796 688 3850 reli·
773 3803 809 3867 ¹4·
822 3803 929 3868 Rt'ga'dos
937 3802 1028 3851 stte'ces.
1038 3802 1242 3868 Rrpidasrnelio·

187 3878 234 3946 cti,
249 3886 305 3945 post
313 3872 475 3942 colliguntur.
737 3896 778 3929 res
790 3897 885 3948 magno
897 3896 1022 3940 numero;
1038 3880 1072 3932 sic
1084 3892 1109 3935 et
1123 3882 1190 3935 alibi,
1205 3883 1241 3934 H,

223 3975 261 4009 rr.
277 3957 449 4020 Tempesetr'tr
460 3968 546 4004 canas.
559 3949 689 4020 Tempore
736 3955 804 4005 -ln
817 3975 845 4008 re
853 3968 905 4009 tarn
913 3955 1004 4024 dubia,
1017 3959 1050 4012 ael
1060 3971 1174 4014 veterem
1184 3959 1241 4010 ecli-

186 4034 266 4088 etism
288 4031 421 4084 frumenta
438 4040 593 4103 naseuntur,
613 4042 639 4083 et
657 4029 689 4082 ad
736 4039 824 4082 torum
835 4031 973 4087 lectionem
986 4036 1066 4102 redii,
1079 4037 1137 4106 quia
1147 4034 1172 4085 id
1182 4054 1239 4086 ser-

190 4110 367 4166 maturitetem
384 4104 548 4180 perveniunt
564 4108 595 4162 In
611 4125 690 4162 uus
735 4107 1235 4181 saudumarbitrarer,uudeprsn'orau·
