2722 4702
52 379 55 385 .
143 329 211 415 440
422 330 462 394 r.
490 327 925 398 0v1n11nasonrs

143 465 279 571 Spicula
296 494 370 538 cunr
387 466 486 566 pictis
503 468 626 540 herent
644 468 680 539 iu
697 468 820 543 casside
839 471 978 570 pennis,

193 585 340 683 Parsque
357 583 424 656 fere
441 581 526 656 scuti
545 582 677 657 vulnere
693 581 783 656 nulla
797 604 899 659 vacat.

143 700 212 773 Nec
230 725 352 797 corpus
370 716 506 770 cunctos
525 697 662 772 feliciter
679 698 796 795 effugit
811 700 915 788 ictus;

193 812 260 886 Sed
277 813 387 884 minor
404 828 455 885 est
472 813 537 886 ac'ri
554 811 662 888 laudis
678 843 788 889 aurore
806 814 911 888 dolor.
1177 838 1212 906 to

143 927 234 1001 Talis
252 927 338 1028 apud
353 928 485 1027 Trojam
501 930 625 1004 Danais
644 959 705 1031 pro
721 932 861 1005 navibus
878 931 964 1030 Ajax

194 1045 328 1118 Dicitur
343 1047 524 1119 Hectoreas
542 1046 737 1121 sustinuisse
747 1048 850 1122 faces.

145 1164 194 1234 Ut
209 1162 348 1263 propius
365 1179 499 1235 venturu
514 1180 583 1251 est,
603 1163 841 1264 commissaque
859 1163 991 1237 dextera
1011 1163 1153 1252 dextre,

195 1276 328 1375 Resque
342 1275 412 1349 sero
429 1277 540 1378 potuit
556 1278 707 1351 eominus
723 1306 800 1352 ense
816 1276 884 1372 geri
898 1305 907 1363 3

146 1388 265 1462 Dicere
283 1388 414 1462 difficile
430 1408 497 1477 est,
518 1391 599 1490 quid
615 1393 708 1467 Mars
726 1409 804 1464 tuus
819 1391 923 1487 egerit
934 1374 1024 1479 illic,
1176 1409 1210 1478 45

198 1507 358 1606 Quotque
374 1507 446 1580 neci
465 1507 612 1594 dederis,
630 1536 795 1608 quosque,
815 1507 1004 1610 quibusque
1019 1504 1136 1581 modis.

148 1620 238 1691 Ense
254 1637 312 1692 tuo
329 1621 434 1692 sactus
451 1620 600 1694 calcabas
620 1622 724 1693 victor
740 1647 891 1708 acervos;

198 1735 425 1832 Impositoque
445 1737 543 1809 Getes
561 1735 624 1809 sub
640 1738 722 1836 pede
739 1735 863 1811 multus
879 1755 958 1813 erat

148 1851 278 1942 Pugnat
293 1850 334 1923 ad
350 1852 534 1952 exemplum
549 1853 650 1926 Primi
666 1855 777 1927 minor
794 1855 910 1929 ordine
923 1854 1006 1941 Pili;

199 1965 374 2068 Multaque
389 1969 453 2043 fert
468 1968 562 2044 miles
578 1970 731 2057 vulnera,
746 1971 853 2044 *multa
869 1970 956 2043 facit.

149 2086 214 2158 Sed
232 2104 359 2159 tantum
375 2087 480 2161 virtus
497 2085 579 2160 alios
598 2105 653 2160 tua
668 2086 813 2187 praeterit
830 2113 963 2174 omna,

198 2205 286 2278 Ante
305 2205 389 2279 citos
407 2222 566 2305 quantum
584 2207 728 2299 Pegasus
745 2204 815 2277 ibat
830 2231 945 2303 equos.

87 2381 90 2389 .
150 2319 303 2392 Vincitur
320 2322 487 2419 AEgypsos
504 2349 512 2391 :
531 2336 712 2418 testataque
732 2337 861 2419 tempus
879 2320 912 2391 in
928 2346 1025 2392 omne

198 2432 286 2505 Sunt
304 2449 377 2516 tua,
397 2429 557 2519 Vestalis,
573 2432 713 2505 carmine
727 2432 810 2504 lacta
827 2460 910 2503 meo.

184 2603 225 2670 37.
244 2604 352 2670 Spr‘cula.
368 2601 447 2666 Tela,
466 2613 491 2654 et
511 2605 657 2669 sagittae.-
708 2600 825 2668 Protegit
838 2611 875 2653 ast
890 2601 956 2669 Ajax
970 2613 1072 2671 pertore
1085 2602 1158 2656 mille
1169 2624 1215 2657 ra-

154 2685 396 2748 Cumperrmipr'ctr's.
406 2679 474 2732 Cum
486 2683 578 2749 pennis
585 2684 658 2751 sagit·
706 2691 752 2730 tes.
761 2702 773 2722 υ
784 2678 818 2731 Et
825 2678 852 2729 in
862 2678 977 2748 Tragicis
986 2699 1024 2748 ap.
1031 2678 1110 2732 suiv.
1121 2701 1133 2722 κ
1143 2680 1212 2732 Nam

151 2771 239 2813 tarum
248 2757 543 2827 puniceis.Solentenim
552 2778 656 2827 peunae,
705 2755 804 2807 facinus
812 2755 873 2808 lecit
880 2756 1022 2809 marimum
1030 2797 1037 2822 ,
1046 2775 1105 2809 cunr
1113 2755 1211 2809 Danais

151 2857 209 2907 qua·
218 2836 314 2905 sagittis
323 2846 510 2900 annectuntur,
518 2835 604 2904 aliquo
613 2856 659 2889 ro·
707 2831 891 2884 inclinantibus
903 2851 1035 2885 summam
1050 2854 1107 2886 reru
1119 2834 1212 2902 perle-

151 2916 206 2969 lore
215 2914 299 2977 inlici,
309 2923 336 2965 ut
344 2911 482 2967 videantur
490 2914 657 2980 pulchriores.
707 2910 742 2961 cll
750 2928 843 2962 manus·
854 2928 860 2961 :
872 2909 991 2977 praellutn
999 2912 1128 2977 restituit,
1137 2930 1213 2965 naves

181 2987 658 3059 38.Vacatrrulncre.Qucmatlrrrodurn
706 2987 824 3039 servavit.
839 3008 852 3032 »

153 3067 186 3120 de
197 3068 285 3121 Scaeva
295 3065 339 3118 illo
351 3065 500 3119 Caesariano
509 3066 626 3135 legimus.
740 3070 779 3138 49.
796 3069 888 3120 Mr'm.
902 3065 1034 3121 Centurio
1044 3069 1087 3138 qui
1100 3081 1157 3122 erat
1168 3071 1214 3124 sub

185 3150 224 3214 4ι.
237 3150 306 3200 Talis
315 3150 385 3214 apud
394 3145 503 3214 Trojarrr.
513 3145 613 3198 Notum
620 3156 659 3200 cst
707 3143 884 3213 primipiloriel
891 3156 930 3198 est
937 3185 945 3208 ,
953 3145 1002 3198 sub
1011 3145 1116 3201 Vestale
1127 3149 1214 3202 ruino-

151 3244 230 3278 naves
240 3224 393 3278 Groecorurn
404 3221 523 3276 defensas
536 3221 612 3276 luisse
626 3223 658 3275 ab
707 3223 742 3275 ris
751 3222 1024 3291 dignitatis—Pugnat
1032 3227 1216 3292 adexemplurr
1238 3233 1240 3236 '

155 3301 235 3371 Ajace
255 3313 346 3357 contra
364 3302 511 3366 Troianos,
526 3300 570 3368 qui
591 3300 658 3353 duce
703 3303 832 3366 prr'nrrpc'li.
844 3298 966 3354 Videndo
978 3298 1141 3368 primipilurn
1154 3300 1217 3354 acri·

151 3379 268 3433 Hectore
284 3379 372 3450 iguem
391 3378 555 3440 atltulerant,
573 3388 602 3430 ut
615 3396 658 3430 eas
707 3385 748 3426 tcr
762 3376 790 3427 in
802 3375 886 3443 prima
899 3373 951 3427 acie
965 3393 1101 3442 pugnare,
1117 3385 1144 3427 et
1160 3376 1213 3442 ipse

153 3469 308 3511 cremarent.
321 3456 414 3525 Qualis
423 3475 486 3525 ergo
494 3454 578 3508 suerat
590 3456 617 3506 in
627 3475 657 3508 ea
707 3469 768 3503 eum
787 3450 953 3514 imitabatur,
975 3448 1117 3518 pugnando
1130 3449 1211 3498 etiarn

153 3535 328 3601 pugnaAjax,
339 3532 418 3584 talem
430 3533 501 3584 enirn
515 3531 592 3584 luisse
602 3533 659 3584 Ve-
706 3527 817 3582 sortiter.

153 3605 245 3660 stalem
263 3620 354 3662 contra
372 3606 452 3658 Getas
470 3606 657 3674 profisetur.-
740 3608 779 3659 53.
801 3608 916 3659 Wncr'tcr
928 3605 1057 3673 AErypsos.
1075 3597 1146 3650 Urbs
1167 3599 1213 3653 illa

156 3687 230 3738 Talis
237 3689 307 3749 apud
316 3686 417 3751 Trojaem
424 3685 659 3751 Danaisproaavr'·
706 3684 814 3738 tandem
826 3695 870 3737 tua
880 3682 988 3746 virtute,
1000 3698 1016 3731 o
1026 3675 1156 3744 Vestalis,
1168 3699 1214 3732 ca-

47 3806 50 3811 .
154 3765 201 3815 bus
208 3760 288 3829 Δία.
297 3759 397 3815 niano
407 3781 413 3813 :
423 3783 436 3808 ιι
446 3762 478 3814 lu
488 3761 593 3816 Danaos
603 3765 658 3817 He·
705 3765 784 3832 pitur.
791 3792 824 3804 -
834 3764 942 3817 Τισίεω.
957 3755 1124 3812 Testimonio
1135 3777 1212 3811 com-

155 3849 210 3895 rtor
223 3838 276 3894 lert
291 3835 358 3899 tela,
380 3836 498 3907 laresque
512 3840 635 3911 Deosque
649 3863 656 3907 ;
705 3843 822 3910 probata.

564 4009 801 4038 ...οι-..-
