2722 4702
136 329 202 414 reu
418 331 456 393 u.
482 329 656 396 0v1u11
681 327 907 398 unsours

136 469 236 562 Signa
256 493 389 567 quoque
406 466 440 539 in
455 465 534 541 sella
549 496 680 542 nossem
699 467 835 543 formata
853 469 982 559 euruli;

183 582 228 653 Et
246 597 352 652 totum
370 580 523 653 Numidae
538 579 691 681 sculptile
706 582 812 655 dentis
830 611 926 683 opus.

134 694 182 766 At
198 721 300 793 quum
316 694 474 793 Tarpeias
490 721 577 768 esses
593 695 754 770 deductus
770 695 805 767 in
821 724 930 783 arces,

185 810 275 883 Dum
292 811 422 884 raderet
438 812 531 909 jussu
547 811 677 884 victima
697 838 788 884 sacra
804 828 881 899 tuo;
1173 836 1207 890 ³⁰

135 927 193 1000 Me
213 953 348 1026 quoque
365 942 490 998 secreto
509 943 618 1021 grates
636 925 700 998 sibi
718 954 858 1021 maguus
874 943 1023 1021 agentem

185 1041 359 1126 Audisset,
377 1041 481 1114 media
499 1041 556 1141 qui
575 1041 666 1115 sedet
681 1040 765 1128 aede,
783 1043 883 1116 Deus.

137 1158 293 1256 Turaque
309 1173 417 1229 mente
437 1156 540 1250 magis
556 1154 655 1256 plena
672 1185 770 1256 quam
787 1155 898 1245 lance,
916 1156 1100 1249 dedissem,

187 1273 254 1345 Ter
270 1289 385 1371 quater
403 1271 532 1371 imperii
549 1269 645 1345 latus
661 1271 790 1344 honore
807 1272 866 1345 tui.

138 1386 204 1458 Hie
220 1413 282 1480 ego
299 1403 474 1487 praesentes
492 1385 577 1459 inter
596 1415 785 1460 numerarer
801 1386 940 1475 amicos3
1173 1409 1208 1461 35

187 1501 286 1575 Mitia
300 1500 355 1598 jus
372 1501 466 1574 urbis
482 1500 511 1573 si
526 1498 624 1573 modo
643 1499 710 1573 sata
726 1500 851 1572 darent.

141 1619 290 1717 Quaeque
307 1617 388 1688 mihi
406 1616 476 1689 sola
492 1617 621 1716 capitur
637 1644 724 1688 nuuc
741 1633 850 1688 mente
866 1614 1039 1718 voluptas,

189 1733 284 1802 Tunc
303 1727 407 1799 oeulis
426 1728 524 1800 eriam
540 1728 751 1828 percipienda
767 1728 863 1803 soret.

139 1848 216 1920 Non
231 1845 277 1917 ita
295 1840 466 1916 Calitibus
486 1843 592 1915 visum
612 1861 677 1932 est,
697 1861 730 1918 et
746 1844 885 1918 forsitan
901 1846 1028 1947 aequis:

190 1963 275 2034 Nam
292 1959 373 2061 quid
389 1987 442 2033 me
458 1988 563 2062 poenae
581 1989 677 2036 causa
696 1979 810 2056 negata
827 1963 941 2062 juvet?
1176 1987 1209 2054 40

140 2077 254 2151 Mente
274 2096 402 2165 tamen,
421 2106 493 2178 quae
510 2075 580 2151 sola
597 2076 672 2152 loco
690 2107 759 2151 nou
777 2076 919 2166 exsulat,
939 2097 1035 2152 utar:

191 2197 407 2281 Praeteritum,
424 2196 527 2270 fasces
547 2196 791 2297 adspiciamque
808 2215 894 2270 tuos.

143 2310 223 2382 llaec
238 2309 340 2382 modo
358 2326 389 2381 te
406 2306 533 2410 populo
550 2309 741 2384 reddentem
755 2310 828 2408 jura
845 2307 987 2398 videbit,

193 2425 238 2496 Et
253 2451 286 2496 se
302 2423 433 2495 secretis
450 2422 552 2518 finget
567 2422 680 2498 adesse
699 2422 788 2496 loeis.
1114 2504 1118 2509 ,

144 2539 242 2612 Nune
256 2536 349 2630 longi
366 2536 491 2610 reditus
508 2539 610 2613 hastae
627 2565 812 2641 supponere
829 2536 927 2613 lustri
1177 2561 1209 2627 45

194 2656 334 2742 Ceruet,
351 2672 385 2726 et
400 2674 511 2728 exacta
525 2673 642 2729 cuncta
657 2656 762 2729 locare
780 2654 852 2727 fide.

144 2822 221 2876 vestis
229 2841 259 2875 ex
265 2838 380 2889 purpura
386 2820 506 2889 dibapha,
515 2821 554 2874 bis
562 2822 651 2888 tincta,
734 2822 773 2874 35.
786 2824 837 2874 Jus
849 2824 923 2873 urbis.
937 2820 983 2874 Est
999 2830 1087 2875 autem
1100 2840 1205 2876 renem:

147 2898 376 2969 quecuncriserar
385 2899 528 2965 pretiosior.
704 2900 732 2952 si
749 2899 801 2952 sata
818 2899 881 2951 mihi
896 2897 990 2951 darent
1006 2901 1047 2968 jus
1059 2898 1130 2953 urbis
1140 2919 1148 2953 t
1159 2899 1208 2953 lroc

180 2980 218 3032 28.
226 2979 345 3030 Ettotum
353 2995 415 3044 opus
425 2980 547 3042 sculptile.
557 2976 588 3030 ld
597 2988 651 3043 est,
703 2988 755 3043 est,
766 2987 796 3029 ut
807 2996 908 3046 possem
921 2976 948 3028 in
958 2977 1023 3031 urbe
1034 3018 1042 3044 ,
1053 2978 1104 3031 rive
1117 2978 1210 3032 Romae

147 3067 234 3110 totum
246 3073 312 3124 opus
322 3055 452 3123 sculptum
464 3054 490 3105 in
503 3074 532 3106 ea
544 3055 612 3109 sella.
620 3082 653 3094 -
701 3075 770 3122 esse,
783 3073 896 3124 presens
906 3054 975 3106 iuter
987 3065 1129 3122 praesentes
1143 3058 1209 3108 ami-

144 3136 292 3188 -Nuuridae
304 3135 393 3186 deute's.
404 3131 499 3185 Dentis
509 3131 653 3201 elephantis
701 3153 743 3186 cos
756 3145 814 3188 tuos
831 3151 993 3186 numerarer.
1008 3134 1088 3188 Nunc
1103 3136 1209 3203 quando

146 3211 296 3277 Numidici,
316 3221 341 3264 et
358 3208 483 3264 Africani.
502 3211 555 3262 Pro
570 3213 653 3263 dentis
702 3212 749 3266 hoe
760 3212 900 3277 nonlicet,
914 3212 1211 3268 absensanimoeacou·

145 3289 652 3360 operemusMedondearisetuumate.
703 3287 862 3358 templabor,
882 3305 938 3356 qua
949 3306 1040 3340 coram
1059 3290 1140 3344 ocutis
1156 3311 1211 3344 non

179 3368 218 3433 34.
240 3367 288 3419 Ter
299 3377 393 3434 quater.
417 3365 481 3418 Huc
496 3384 543 3417 ver
561 3383 575 3429 a
591 3364 654 3493 Μῆς,
702 3384 815 3434 possum.
832 3366 919 3419 Pom.

146 3443 203 3495 rula
212 3443 244 3495 ad
256 3447 378 3497 dedr'ssem
389 3441 545 3504 turarefert3
590 3461 653 3514 icy·
735 3442 939 3509 4r.d!euteutaer.
948 3439 1043 3495 Malim
1053 3452 1207 3494 Μυκη.

147 3517 188 3570 lus
200 3519 232 3570 ad
245 3524 336 3573 letus:
355 3521 479 3573 Heinsius
491 3519 654 3588 distinguens
735 3524 775 3587 4²·
784 3522 932 3572 Preteatan
941 3527 989 3572 etc.
998 3519 1104 3573 Vestem
1113 3534 1208 3569 cousu-
1313 3542 1318 3551 ·

148 3602 206 3665 post
222 3607 315 3659 quater,
330 3595 434 3647 videtur
449 3594 561 3647 Merula
579 3614 654 3649 acce·
702 3596 791 3651 larem.

148 3672 218 3725 dere.
233 3667 287 3721 sed
298 3691 380 3738 quum
389 3672 518 3724 ternarius
527 3689 654 3726 numerus
735 3676 970 3740 45.Redr'tuslustri.
979 3671 1211 3740 Proventusquiu-

147 3750 176 3803 in
187 3744 265 3802 sacris
277 3748 400 3802 solemnis
414 3759 480 3803 esset
493 3789 500 3815 ,
516 3769 565 3802 uec
580 3748 654 3802 illum
703 3752 858 3820 quennales:
868 3769 929 3804 uam
939 3748 1071 3816 vectigalia
1082 3749 1211 3805 locaban-

148 3839 291 3880 numerum
303 3824 426 3878 excedere
436 3826 526 3893 religio
535 3825 653 3892 juberet,
703 3839 746 3883 tur
758 3831 789 3884 ad
802 3829 1018 3900 quinquennium.
1029 3856 1062 3868 —
1070 3832 1211 3900 §apponere

150 3926 200 3976 ego
210 3922 271 3960 rum
284 3905 355 3954 letus
367 3903 465 3971 jungo:
479 3904 578 3958 dictum
590 3923 653 3957 vero
702 3912 787 3964 basta.
798 3911 893 3966 lineare
906 3912 931 3964 ln
944 3909 1046 3979 publiea
1057 3913 1186 3966 auctione.

150 3984 216 4038 utin
227 3978 352 4046 formula,
365 3989 446 4046 terque
452 3991 582 4049 quaterque
593 3985 654 4035 bea·
735 3988 773 4054 46.
785 3989 953 4058 Exactafide.
966 3989 1042 4042 Boua
1053 3989 1208 4044 fide—cee-

148 4069 189 4112 [ω
199 4062 266 4129 apud
275 4059 349 4129 Virg.
362 4056 426 4112 AEn·
440 4057 469 4124 l,
482 4059 522 4128 94·
702 4066 750 4118 der.
761 4067 923 4124 Cemercum
935 4088 978 4123 sex
986 4068 1096 4138 scriptia
1108 4069 1144 4122 H.
