2722 4702
150 328 212 396 166
419 327 458 391 P.
493 325 673 393 OVIDII
699 322 923 391 NASONIS

145 466 249 542 Crede
264 464 355 567 quod
374 482 438 551 est,
458 462 630 564 quodvis,
647 491 684 537 ac
702 463 813 537 desine
832 481 902 537 tuta
919 463 1040 552 rereri3

192 581 307 680 Deque
321 578 385 653 fide
403 596 488 653 certa
505 579 551 651 sit
567 578 629 651 tibi
646 596 732 653 certa
747 578 827 652 fides
843 608 851 652 :

145 698 312 799 Quodque
325 697 403 799 polo
420 697 491 770 fixae
506 714 675 796 nequeunt
691 695 750 768 tibi
770 696 875 770 dicere
891 695 1044 782 flamme,
1173 715 1202 767 15

192 817 270 886 Non
289 814 463 886 mentitura
481 828 516 882 tu
535 810 596 883 tibi
612 838 689 882 voce
705 809 809 884 refer:

145 932 226 1004 Esse
243 931 292 1003 tui
310 956 505 1016 memorem,
522 926 562 1000 de
580 956 645 1026 qua
659 925 721 998 tibi
737 926 874 1000 maxima
892 930 968 998 cura
985 942 1052 1013 est;

195 1043 362 1144 Quodque
379 1060 505 1144 potest,
525 1069 633 1115 seeum
648 1071 770 1116 nomeu
782 1041 901 1115 habere
917 1059 1019 1114 tuum.

146 1158 307 1234 vultibus
324 1157 381 1231 illa
396 1157 481 1244 tuis,
501 1174 657 1257 tauquam
673 1157 860 1258 praesentis,
876 1156 1028 1242 inhaeret,

193 1272 307 1372 Teque
324 1289 445 1345 remota
461 1268 596 1371 procul,
615 1270 643 1343 si
659 1271 759 1344 modo
777 1271 872 1358 vivit,
891 1287 985 1343 amat.
1171 1300 1205 1335 20

146 1384 292 1483 Ecquid,
312 1401 349 1457 ut
366 1381 516 1455 incubuit
531 1384 620 1481 justo
636 1410 728 1456 mens
744 1410 829 1478 aegra
846 1381 968 1470 dolori,

195 1500 294 1572 Lenis
309 1498 351 1570 ab
371 1497 538 1570 admonito
556 1514 687 1597 pectore
704 1524 839 1569 somnus
855 1496 952 1570 abit?

147 1616 240 1687 'l’une
257 1615 401 1688 subeunt
416 1641 517 1700 eurae,
535 1613 614 1686 dum
631 1629 663 1686 te
680 1611 848 1712 lectusque
865 1611 1023 1712 locusque

194 1726 331 1819 Tangit,
347 1744 380 1799 et
395 1724 531 1799 oblitam
548 1753 617 1799 uon
633 1726 712 1799 sinit
727 1751 796 1798 esse
812 1724 903 1799 mei?

147 1845 192 1916 Et
208 1841 343 1914 veniunt
359 1861 471 1929 astus,
492 1859 524 1915 et
540 1871 607 1914 nox
624 1842 782 1915 immensa
797 1840 949 1915 videtur?
1172 1862 1202 1913 25

195 1956 358 2054 Fessaque
375 1955 485 2053 jactati
502 1954 651 2054 corporis
667 1983 742 2029 ossa
758 1953 897 2027 dolent?

148 2071 225 2141 Non
244 2070 394 2169 equidem
410 2071 548 2158 dubito,
567 2072 647 2170 quiu
664 2069 732 2144 haec
749 2087 781 2144 et
796 2078 910 2144 caetera
923 2069 1020 2155 fiant,

196 2186 325 2287 Detque
343 2205 419 2261 tuus
435 2189 515 2263 casti
535 2189 626 2283 signa
643 2187 767 2261 doloris
783 2214 895 2275 amor;

148 2304 217 2375 Nec
233 2304 372 2378 cruciere
390 2303 516 2391 miuus,
536 2332 634 2403 quam
651 2332 754 2405 quum
769 2301 927 2376 Thebana
943 2313 1114 2373 cruentum
1163 2390 1167 2396 q

147 2495 216 2564 quod
230 2507 338 2564 praeatat.
348 2497 383 2546 Ar
394 2494 584 2548 Aroudelianus
595 2514 651 2560 spes
732 2500 770 2549 25.
778 2499 1008 2550 Etuenrwaestss.
1022 2496 1093 2547 Turre
1102 2501 1205 2550 reuehat

146 2576 211 2624 bona
223 2576 298 2624 ms'sta
309 2585 388 2631 metm·
402 2583 430 2622 ut
442 2571 548 2638 epistola
562 2572 650 2626 Caua-
697 2591 766 2626 unua
775 2573 831 2627 teat.
841 2571 945 2628 contii
955 2571 1021 2625 liber
1034 2574 1204 2639 Camertum

147 2669 200 2714 ees,
215 2649 255 2703 61.
267 2649 327 2714 dics
339 2651 404 2699 bona
414 2650 457 2699 de!
466 2653 548 2699 vires.-
559 2648 649 2701 malim
697 2660 724 2704 et
739 2652 875 2705 Barberin.
895 2659 1005 2721 questus,
1019 2670 1083 2704 nam
1095 2651 1129 2706 de
1139 2663 1203 2706 estu

145 2730 224 2782 etiam
236 2733 303 2780 uicta
313 2736 378 2779 metu
386 2744 464 2793 quam
472 2731 566 2790 mistas
577 2739 647 2781 certe
697 2728 776 2780 animi
785 2729 837 2795 jam
844 2730 903 2799 egit.
911 2729 1016 2795 Scribe,
1027 2733 1093 2784 Num
1101 2736 1205 2782 verrunt

145 2807 173 2860 iu
187 2824 240 2859 uuo
253 2805 355 2864 Italico,
369 2808 438 2856 πίω.
452 2803 550 2856 Hnttts.
697 2817 816 2875 questore
837 2819 863 2859 et
884 2809 1010 2876 superiori
1034 2810 1200 2875 hexametro,

182 2885 218 2938 13.
239 2885 315 2935 Crede
328 2885 396 2951 quod
404 2893 455 2942 est.
475 2892 501 2934 et
513 2889 561 2936 vr's.
579 2884 655 2948 Quod
698 2889 764 2938 Num
774 2889 964 2948 subeuncme
976 2906 1037 2940 nam
1048 2887 1122 2940 multi
1130 2897 1203 2940 rete·

145 2967 186 3015 vis
194 2961 307 3029 quinque
320 2973 427 3015 veteres.
440 2959 648 3028 Aroudeliauus,
697 2985 739 3019 res
755 2966 817 3018 Tum
826 2984 832 3016 :
842 2986 880 3036 pr.
893 2964 949 3019 Pol.
962 2968 1022 3020 Nec.
1035 2968 1069 3020 H.
1075 2969 1203 3020 -AEstus.

145 3046 264 3108 quamvis.
277 3040 375 3093 flurs.
697 3042 897 3099 sollicitudines.
906 3043 999 3113 virgil.
1007 3043 1112 3098 AEneid.
1123 3044 1201 3110 vlu,

181 3123 216 3172 15.
229 3120 347 3187 Quodque
351 3122 410 3184 polo
407 3120 480 3186 fixe.
488 3117 649 3170 Posetaevos·
697 3138 732 3170 rs.
746 3139 785 3190 19,
796 3139 886 3186 ruam
896 3125 1202 3188 curammflucmtestn.

145 3197 207 3250 sian.
217 3208 246 3250 ut
255 3200 320 3252 Met.
331 3198 367 3264 ΙΙ,
384 3198 443 3268 173:
452 3218 465 3243 s
477 3196 597 3265 Quaque
606 3212 649 3264 po·
730 3198 769 3251 26.
783 3201 889 3252 Jactao'.
906 3201 1006 3254 Versatr'
1019 3199 1073 3253 duo
1084 3200 1159 3254 eodd.
1171 3210 1202 3252 ut

144 3272 170 3327 lo
188 3275 270 3343 posita
289 3287 327 3329 est
343 3275 439 3346 glaciali
455 3275 572 3344 proxima
587 3293 648 3329 ser·
697 3272 788 3328 Amor.
801 3275 843 3329 tib.
856 3276 881 3339 Ι,
898 3275 939 3330 ΕΙ.
950 3293 985 3340 ιι,
997 3296 1062 3330 vers
1075 3280 1103 3340 4,
1117 3277 1201 3329 etLu·

145 3371 210 3421 pens
224 3372 244 3403 ν.
257 3353 357 3406 Heres.
696 3365 757 3408 eret.
765 3355 808 3407 lib.
817 3353 853 3418 ΙΙ,
864 3372 901 3405 es.
914 3355 959 3406 35:
969 3374 982 3398 «
990 3352 1131 3405 ‘textilibus
1142 3353 1198 3405 siin

179 3448 215 3501 ¹9·
239 3430 367 3496 Tanquam
383 3434 546 3494 presentibus
567 3431 648 3482 heret.
696 3434 810 3502 picturis,
819 3441 941 3500 ostroque
950 3430 1198 3484 rubentiJactarie.»

144 3508 275 3561 Praesentis
291 3507 392 3558 e'srbaeret
408 3516 509 3573 septem
527 3519 646 3572 veterem
728 3516 768 3566 28.
780 3514 946 3578 Μικίψα
952 3513 1127 3563 ddorisaaor.
1136 3507 1199 3561 Ete-

143 3596 222 3639 recte.
234 3585 337 3637 Herus.
695 3584 1199 3657 ganterprodiversaleetioneBarberin.

176 3684 215 3715 ar.
228 3665 340 3731 Ecquid,
349 3663 516 3712 abrincatum
529 3663 565 3715 Ut
573 3670 647 3718 r'raca·
693 3673 763 3720 castr'
771 3671 873 3720 doloris.
885 3663 1032 3727 hidensis,
1045 3668 1116 3717 tacti.
1130 3663 1167 3716 H.

141 3743 196 3794 tut
207 3739 282 3793 multi
297 3749 397 3792 veteres
412 3755 473 3790 eum
485 3737 571 3805 priscis
584 3740 646 3793 edi-
726 3764 765 3815 aq.
781 3746 900 3795 Thebasa
908 3749 1052 3808 peresum.
1069 3742 1201 3794 cruentans

142 3816 254 3871 tionibus
277 3835 283 3869 :
302 3812 434 3884 quomodo
452 3814 547 3868 Noster
558 3817 644 3885 sepis-
692 3822 809 3891 plerique
822 3831 937 3881 veterem
951 3817 1027 3870 multi
1041 3819 1121 3871 etiam
1134 3823 1201 3873 trahi

140 3898 212 3950 sime.
224 3896 323 3949 Herus.
692 3916 739 3966 pro
747 3904 805 3966 rapi
815 3917 890 3951 versu
901 3896 1028 3966 proximo.
1036 3900 1198 3949 -Yhebam

173 3997 210 4028 aa.
227 3975 402 4028 manuscrit.
415 3971 497 4025 Arest
512 3992 551 4042 pr.
569 3971 646 4025 Polit.
694 3975 888 4041 Andromache,
899 3974 953 4028 filia
962 3975 1089 4043 Eetionis,
1096 3976 1121 4028 T
1121 3973 1196 4026 heba-

140 4076 179 4125 pr.
191 4055 273 4113 Vatie.
286 4064 313 4108 et
324 4051 377 4107 duo
387 4050 438 4106 atii.
453 4049 551 4107 Herus.
692 4069 752 4103 rum
764 4053 791 4104 in
806 4051 898 4107 Cilicia
908 4053 984 4123 regis.
