2722 4702
205 363 264 428 182
472 359 510 423 P.
540 355 716 425 OVIDII
745 354 976 425 NASONIS

246 499 358 593 Quam
373 493 427 570 cui
442 512 519 568 sunt
534 495 625 569 tarda
642 494 773 568 brachia
789 495 874 569 fessa
894 525 1006 570 mora:

197 617 329 709 Integer
347 631 397 687 est
412 610 529 687 melior
543 611 658 686 nitidis
672 612 832 706 gladiator
847 614 882 686 in
897 612 1015 703 armis,

247 734 357 828 Quam
375 730 428 804 cui
448 728 509 801 tela
528 757 590 803 suo
609 730 767 824 sanguine
783 730 884 803 tincta
899 730 1041 803 rubent:

198 847 273 919 Fert
289 846 373 917 bene
387 842 571 944 praecipites
588 843 679 916 naris
694 844 794 916 modo
811 846 893 919 sacta
910 843 1088 946 procellas3
1224 868 1259 924 35

248 961 439 1058 Quamlibet
457 961 575 1056 exiguo
594 959 733 1034 solvitur
749 961 853 1034 imbre
871 978 974 1034 vetus.

198 1078 270 1151 Nos
287 1103 440 1177 quoqne,
460 1103 532 1175 quae
546 1075 696 1163 serimus,
713 1075 849 1150 tulimus
865 1077 1042 1176 patientius
1059 1091 1149 1164 ante,

247 1197 293 1267 Et
310 1192 393 1266 mala
412 1209 491 1265 sunt
507 1191 610 1287 longo
628 1189 844 1292 multiplicata
861 1190 924 1266 (lie.

201 1309 348 1396 Credite,
369 1308 503 1394 delicio,
521 1325 701 1407 nostroque
718 1335 738 1379 a
756 1333 914 1407 corpore,
934 1323 1094 1408 quantum

248 1429 425 1521 Auguror,
442 1424 596 1496 accedent
614 1442 760 1523 tempora
778 1453 877 1523 parva
894 1424 1010 1499 malis:

200 1542 285 1617 Nam
302 1570 407 1642 neque
425 1558 503 1613 sunt
520 1540 621 1626 vires,
639 1568 745 1641 neque
761 1541 819 1639 qui
836 1539 930 1613 color
946 1559 1020 1614 ante
1038 1539 1180 1630 solebat,

221 1724 223 1728 .
249 1657 380 1755 Vixque
397 1654 504 1728 babeo
523 1672 675 1741 tenuem,
694 1682 766 1753 quae
781 1672 869 1750 tegat
885 1683 976 1744 ossa,
993 1673 1111 1729 cutem.

203 1776 349 1872 Corpore
365 1771 421 1845 sed
438 1800 530 1845 mens
548 1790 598 1845 est
614 1799 701 1866 aegro
719 1772 823 1866 magis
840 1799 941 1866 agra,
958 1772 1103 1875 malique

249 1888 290 1959 ln
308 1887 543 1987 circumspectu
562 1902 627 1958 stat
645 1886 715 1958 sine
733 1885 796 1960 fine
815 1887 875 1961 sui.

202 2001 305 2076 Urbis
322 2001 416 2074 abest
432 2000 547 2086 saoies;
562 2001 700 2086 absunt,
718 2028 790 2074 mea
806 2029 901 2086 cura,
921 1999 1066 2088 sodales3

253 2121 318 2205 Et,
337 2146 400 2217 qua
417 2113 507 2188 nulla
524 2116 605 2188 mibi
621 2115 742 2203 carior,
761 2144 846 2189 uxor
863 2116 965 2189 abest.

202 2232 331 2328 Vulgus
348 2233 439 2306 adest
454 2231 661 2331 Scytbicum,
681 2231 897 2331 braccataque
914 2230 1008 2304 turba
1025 2228 1203 2302 Getarum:

252 2351 307 2424 Sic
323 2349 423 2437 nrale,
441 2377 513 2447 quae
527 2347 642 2434 vitleo,
655 2374 727 2419 non
740 2346 916 2445 videoque,
932 2362 1060 2418 nocent.

204 2471 279 2540 Una
297 2486 404 2540 tamon
423 2491 498 2561 spes
517 2482 585 2548 est,
604 2493 675 2562 quae
692 2490 743 2534 me
760 2461 884 2535 soletur
901 2464 934 2535 in
952 2462 1044 2553 istis,

254 2582 332 2650 Haec
348 2578 416 2649 lore
434 2592 537 2648 morte
556 2604 624 2648 mea
642 2605 712 2651 non
729 2576 882 2650 diuturna
900 2576 992 2651 mala.
1231 2597 1266 2649 50

206 2750 276 2821 guit,
289 2748 373 2800 multo
384 2745 465 2814 magis
476 2764 581 2813 gravare
589 2745 656 2799 mala
665 2766 711 2799 ve·
758 2766 819 2801 cum
837 2747 993 2801 Bersmanni
1009 2745 1075 2800 libro
1091 2763 1181 2816 quoru
1196 2766 1265 2815 quo-

205 2833 277 2891 lera,
290 2843 369 2894 quarn
379 2822 500 2876 recentia.
513 2825 640 2875 Luctator.
654 2822 709 2890 Qui
758 2824 871 2879 modoet
879 2824 1029 2878 Gronovius
1035 2825 1187 2895 conjiciebat
1196 2844 1202 2876 :
1212 2827 1265 2876 Ion·

204 2904 273 2958 lucta
285 2901 365 2966 ludit,
382 2911 408 2953 et
423 2901 546 2970 palastra.
564 2900 648 2955 Fuere
661 2919 708 2953 au·
755 2927 788 2975 60
800 2905 880 2961 etiam
892 2910 932 2958 die
940 2904 1068 2960 nonnulli.
1083 2905 1182 2959 Hms.

206 2995 261 3036 tem
271 2983 319 3035 tria
327 2979 446 3036 athletica
453 2979 595 3032 certamina
604 3018 611 3045 ,
620 2979 647 3032 in
655 2977 710 3047 qui·
790 2986 831 3057 3?
844 2985 1053 3052 Odomastem,
1063 2984 1123 3038 Hoc
1134 2981 1265 3037 distichon

205 3061 254 3121 bus
265 3059 399 3113 certabant
410 3059 561 3129 corporibus
571 3059 637 3125 suis,
649 3076 711 3112 cur-
759 3071 797 3114 est
808 3061 956 3132 nugatoris,
968 3078 1023 3112 non
1038 3060 1195 3115 Nasonianoe
1209 3078 1267 3112 rna·

207 3159 288 3201 sores,
312 3139 424 3210 pugiles,
445 3150 471 3192 et
488 3138 627 3192 luctatores
645 3157 652 3191 ε
669 3136 712 3193 alii
760 3156 819 3192 nus.
830 3139 930 3193 Hntns.

207 3221 323 3290 quinquo
334 3230 461 3284 statuunt,
469 3218 556 3284 uleus,
564 3237 663 3284 cursus,
672 3216 711 3269 di·
792 3216 831 3282 46.
841 3217 885 3278 Er,
898 3234 948 3282 qua
957 3218 1029 3267 sulla
1035 3216 1192 3269 mihe'con’or.
1200 3214 1266 3268 Scri·

206 3316 279 3360 sous,
291 3298 419 3367 jaculum,
431 3298 507 3351 lucta.
759 3293 806 3359 bo,
816 3313 865 3361 qua
871 3294 1112 3356 aemossr'hicore'or,·
1120 3291 1169 3345 nisi
1177 3290 1265 3356 rnalis,

240 3376 279 3428 33.
296 3379 391 3428 modis
406 3382 497 3429 arensi.
514 3378 547 3430 ln
564 3395 656 3445 campo
667 3393 711 3427 re·
759 3370 797 3423 E!
804 3373 940 3437 mellique
950 3373 1138 3421 m’lestcoriss.
1151 3367 1252 3418 Hms.

208 3462 299 3506 uenter
306 3468 384 3502 arena
394 3461 482 3504 strato·
493 3449 544 3505 Alii
553 3458 643 3510 amus.
653 3469 711 3505 me·
787 3450 827 3516 48.
839 3450 881 3501 Se'c
888 3451 964 3506 nola.
973 3466 1026 3516 que
1035 3448 1116 3506 vilico,
1124 3462 1173 3496 sors
1181 3445 1265 3493 ordeo-

206 3529 270 3585 lius:
282 3525 344 3595 quid
355 3526 427 3578 enim
438 3531 594 3579 sunssz'o'de
605 3528 711 3581 arene?
759 3543 813 3593 que,
825 3535 921 3579 nocent.
931 3525 974 3578 An
986 3522 1055 3577 urbis
1065 3521 1139 3574 lacios
1148 3529 1176 3572 et
1187 3518 1265 3572 soda-

207 3623 289 3674 quum
300 3623 378 3656 arena
389 3605 470 3656 nilida
482 3602 647 3670 obponentur
662 3605 712 3656 loe-
760 3603 796 3656 les
802 3604 920 3658 absentes
928 3621 977 3672 pro
983 3600 1050 3654 malo
1059 3608 1180 3651 numerat
1188 3597 1199 3649 ?
1208 3616 1265 3651 non

208 3680 476 3750 datissanguine,sire
483 3682 711 3746 superinductis:
760 3693 831 3750 puto
845 3683 935 3737 Scribe
953 3683 1019 3735 mle
1031 3688 1126 3733 nocent.
1144 3678 1267 3746 Quidam

208 3760 340 3829 dequibus
348 3758 406 3812 vide
416 3758 502 3812 Bentl.
510 3755 541 3813 ael
552 3757 692 3812 Horatium
703 3797 711 3823 ,
758 3761 846 3829 scripti
864 3779 925 3813 cum
938 3759 1026 3828 primis
1035 3755 1210 3822 editionibus,
1224 3759 1266 3809 Sic

208 3840 245 3896 ll.
255 3838 297 3891 od.
313 3859 332 3889 ι.
347 3838 444 3890 Boou.
759 3855 798 3888 ne
806 3847 910 3890 movent.
923 3836 1058 3888 liuns-
1070 3834 1174 3901 Nostri,
1187 3837 1264 3888 nalo.

240 3919 279 3972 38.
293 3919 353 3982 (lue
360 3916 429 3966 mala
438 3916 579 3979 suntiono
590 3916 712 3980 multipli—
793 3916 833 3984 49.
847 3916 907 3979 Quo
913 3916 1062 3966 mesolator.
1074 3913 1183 3977 Soletot,
1200 3929 1262 3963 rne-

209 4008 268 4049 cata
276 3995 516 4049 dieAErmalarecte
523 4000 623 4044 veteres
630 4011 637 4054 ;
644 4007 712 4044 uuus
758 3987 843 4045 liores.
854 3991 1001 4059 -Nostri,
1014 3995 1118 4045 solator.

612 4117 848 4143 *⁸-
