2722 4702
247 401 316 469 EX
341 402 519 471 PONTO
542 405 638 471 LIB.
664 407 743 473 111.
768 410 936 479 E'PIST.
963 416 1014 480 ΙΙ.
1109 416 1170 484 38ι

121 592 1177 641 -ἒ--Ξ-Ξ-..ξῖῧ--ἑ

413 731 765 823 EPISTOLA
810 739 880 824 11.

520 1126 537 1161 *
564 1121 772 1198 COTTAE.

491 1513 803 1567 ARGUMENTUM.

117 1652 227 1707 Excusat
242 1653 354 1719 amitoe,
373 1653 418 1722 qni
430 1663 504 1706 metu
519 1652 642 1707 dederint
657 1664 746 1724 terge,
763 1672 817 1708 non
829 1653 890 1709 odio
900 1677 907 1718 ;
919 1655 1048 1723 aliorum,
1063 1657 1125 1710 etin
1137 1657 1177 1712 his

149 1737 237 1791 Cotta
250 1738 373 1805 pietatem
384 1749 411 1792 et
421 1739 596 1793 constemtiam
608 1737 723 1793 celebrat
735 1778 742 1803 ,
754 1757 815 1791 cum
827 1737 903 1793 laude
913 1738 1050 1794 Oreatiset
1058 1739 1162 1813 Pyladis
1172 1781 1179 1806 ,

147 1823 244 1876 ituram
258 1821 290 1875 ad
301 1834 425 1891 posteros.

121 1973 269 2101 QUAM
286 2002 370 2099 legis
385 2032 404 2077 a
419 2005 519 2082 nobis
536 2008 669 2081 missam
687 2005 769 2092 tibi,
789 2006 904 2093 Cotta,
921 2006 1080 2097 salutem,

166 2119 271 2195 Missa
288 2119 333 2193 sit
349 2137 388 2192 nt
403 2147 495 2209 rere,
508 2124 761 2223 perveniatque,
779 2147 906 2220 precor.

116 2237 267 2336 Namque
285 2234 367 2308 meis
386 2261 501 2335 sospes
515 2235 655 2311 multum
669 2233 869 2308 cruciatibus
884 2231 1011 2319 aufers,

165 2351 279 2448 thue
293 2349 337 2422 sit
355 2376 372 2421 e
388 2347 488 2421 nobis
504 2376 581 2450 pars
596 2349 685 2423 bona
703 2346 804 2436 salva,
823 2345 911 2421 sacis.

119 2465 298 2565 Quumque
314 2464 431 2538 labent
446 2462 523 2552 alii,
540 2464 726 2567 jactataque
741 2465 810 2538 vela
828 2464 1031 2568 relinquant,

168 2581 220 2654 Tu
234 2580 346 2655 lacera
363 2611 509 2657 remanes
525 2580 668 2656 anchora
686 2582 757 2659 sola
775 2583 846 2656 rati.

122 2692 219 2769 Grata
238 2715 292 2781 tna
310 2715 361 2770 cst
375 2694 479 2789 igitur
493 2698 601 2794 pietas
616 2694 841 2794 :ignoscimus
858 2695 939 2784 illis,

166 2810 237 2908 Qui
254 2838 328 2882 cum
343 2810 478 2885 fortuna
496 2827 587 2905 terga
604 2811 720 2889 dedere
736 2815 830 2909 luga.

153 2983 171 3020 ⁴*
187 2981 301 3036 Corve.
315 2981 401 3036 Cottae
419 2982 572 3037 Menullino
586 2985 625 3038 M.
675 3004 729 3038 non
743 2986 874 3055 agnoscit3
888 2987 996 3055 Argent.
1009 2995 1036 3038 et
1045 3003 1088 3036 sex
1099 2984 1139 3037 alii
1149 3005 1180 3039 ex

122 3061 221 3113 Valerii
239 3063 357 3116 Messala
374 3062 501 3129 Corvini,
517 3066 627 3119 oratoria
675 3063 840 3126 melioribus,
859 3064 1020 3129 (sequentia
1031 3064 1109 3114 nobil.
1127 3062 1179 3117 Le-

123 3139 190 3193 illius
202 3142 297 3192 summi
310 3181 317 3206 ,
336 3141 406 3206 tilio,
425 3143 469 3210 qui
485 3143 625 3212 adoptione
675 3160 706 3208 ge
721 3159 727 3192 ε
744 3162 756 3184 α
773 3140 863 3208 thue
877 3141 910 3192 sit
924 3158 938 3191 e
954 3141 1027 3193 nobis
1042 3157 1099 3208 pars
1110 3139 1178 3195 bona

121 3218 150 3268 in
172 3217 304 3271 Aureliam
324 3230 431 3288 gentem
451 3221 625 3286 transiverat,
674 3217 822 3271 salvalacis.
836 3240 848 3261 u
862 3219 962 3269 Hnrus.

122 3295 193 3348 unde
211 3306 237 3348 et
251 3295 335 3349 Cottae
347 3317 493 3364 cognomen
510 3297 558 3351 sibi
574 3298 627 3350 ad·
708 3300 731 3348 5.
748 3299 901 3360 laetataque
914 3296 972 3344 vela
984 3297 1131 3361 relinquant.
1145 3296 1181 3352 Et

121 3374 202 3427 scivit.
214 3374 305 3442 Quem
314 3387 479 3439 memorant,
494 3376 565 3428 Pers.
573 3375 627 3428 Sat.
675 3373 797 3426 delerant
810 3371 867 3423 'vela
882 3390 896 3423 a
912 3370 996 3423 ventis
1010 3374 1111 3440 agitata.
1128 3376 1180 3430 Per

121 3453 164 3517 ll,
176 3474 204 3521 7²
213 3475 220 3515 3
230 3453 351 3506 Juvenal.
364 3453 417 3506 Sat.
426 3453 493 3520 Vll,
505 3457 550 3522 75;
560 3452 627 3505 Plin.
675 3455 733 3503 vela
745 3461 847 3513 autem,
861 3449 981 3502 amicitiae
993 3449 1073 3502 fidem
1084 3463 1109 3506 et
1120 3453 1180 3506 offl-

120 3530 163 3584 lib.
176 3533 217 3597 X,
230 3552 284 3600 rep.
299 3552 338 3583 ao.
675 3530 744 3581 cium
759 3528 881 3597 intellige.

157 3629 178 3660 ι.
196 3616 285 3677 Quam.
301 3614 353 3676 Qui
365 3610 476 3663 Putean.
493 3613 558 3663 Coto
572 3609 627 3661 Ju-
709 3609 731 3661 8.
752 3613 804 3674 Qui
820 3629 875 3661 cum
889 3605 997 3673 furtim
1012 3618 1080 3677 terga
1094 3614 1181 3665 dedere

124 3685 193 3737 nian.
209 3694 269 3741 Com
283 3687 356 3741 Leid.
372 3689 416 3757 qui
434 3699 460 3740 et
477 3688 505 3739 in
521 3686 627 3754 fronte,
668 3685 747 3753 fugo.
760 3685 850 3738 Scribe
864 3684 904 3737 vel
918 3685 1004 3739 invitia
1017 3690 1117 3758 scriptis
1130 3708 1180 3741 co-

124 3763 162 3811 ad
175 3764 269 3817 Cotum.
617 3800 621 3805 ·
676 3763 793 3825 diribus,
816 3782 872 3815 cum
886 3759 993 3827 sorrm
1008 3775 1077 3833 terga
1093 3767 1180 3817 dedere

160 3861 183 3890 2.
194 3844 277 3892 Μίκκα
286 3851 358 3897 catut
367 3864 430 3898 vere.
439 3842 582 3896 Saluavere
592 3841 630 3897 di·
677 3861 738 3893 men.
758 3844 837 3907 Terga
851 3849 911 3894 dare
925 3862 972 3910 pro
979 3842 1083 3910 fugere.
1101 3841 1183 3891 mita-

124 3918 285 3983 citurmitti,
295 3940 376 3987 quum
384 3924 426 3976 ille
435 3922 465 3974 ad
476 3941 555 3990 quem
566 3923 631 3975 acri-
678 3932 736 3973 tum
744 3921 849 3985 Nostro,
862 3932 887 3974 et
897 3923 1010 3975 melioris
1019 3920 1065 3974 eri
1075 3917 1181 3983 scripto·

123 3997 227 4060 bimus,
240 4007 309 4049 reete
318 3996 397 4064 valet,
407 3997 629 4068 quemadmodum
677 4000 756 4053 ribus.
764 3990 1062 4069 ll.-()ur'cumforticna.
1073 3993 1181 4060 Quiubi

125 4090 254 4147 optamus.
678 4097 720 4131 me
734 4098 748 4132 a
760 4078 867 4133 fortuna
879 4085 1035 4146 prostratum
1044 4081 1070 4122 ct
1080 4070 1182 4140 relega-

157 4162 179 4224 4.
193 4160 278 4227 Atque
288 4162 359 4211 snut
368 4158 447 4209 nobis.
455 4156 629 4213 rtrrSarrav.
678 4167 735 4212 turn
745 4157 850 4220 ridere,
861 4160 996 4221 ceperunt
1008 4148 1106 4216 sugere.
