2722 4702
255 548 555 653 PETRUS
606 544 1083 655 BURMANNUS

298 790 603 864 rneouono
630 792 661 863 a
685 790 1049 877 vncrnursmu

142 1026 297 1065 TOPARCEAE
309 1026 340 1062 nt
352 1024 537 1074 nanumuz,
549 1021 598 1063 elc-
611 1026 746 1063 ORDIKU!
757 1024 1000 1067 nummum
1008 1028 1146 1083 Pffllffl,
1158 1028 1206 1071 tlt·

597 1160 739 1173 ——--

150 1388 345 1491 Gutum:
361 1416 460 1491 decus
477 1418 676 1508 Procerum,
695 1417 799 1491 sancti
814 1448 893 1521 pars
909 1421 1017 1521 prima
1029 1439 1182 1511 senatus,

193 1531 260 1601 Nee
278 1528 387 1603 minor
405 1529 503 1603 Aonii
524 1532 650 1618 fautor,
668 1560 825 1633 amorque
841 1533 955 1621 chori;

107 1730 112 1739 .
143 1646 181 1717 Si
197 1647 286 1719 nitor
302 1645 448 1747 eloquii,
467 1646 626 1747 cultaque
642 1649 790 1748 potentia
806 1644 947 1743 linguae,

193 1765 279 1835 Pnra
296 1762 347 1836 rel
364 1764 485 1858 ingenii
504 1792 585 1837 rena
602 1762 730 1865 placere
746 1782 876 1864 potest3

146 1878 181 1950 Si
200 1880 313 1953 Venus
329 1898 363 1953 et
379 1880 550 1964 Charites,
569 1897 601 1952 et
617 1882 751 1956 Amoris
765 1881 887 1956 blanda
904 1904 1081 1975 venustas,
1193 1908 1208 1955 s

193 1992 229 2065 Si
245 1993 335 2092 juvat
354 1996 505 2071 Ausonio
523 1996 642 2070 Graius
660 1996 695 2069 in
713 2025 770 2070 ore
783 1996 893 2097 lepor;

146 2107 283 2212 Suscipe
300 2111 428 2207 Peligni
449 2112 556 2185 divina
575 2130 724 2211 poemata
739 2114 837 2187 Vatis
851 2142 860 2200 ;

195 2228 238 2299 Et
253 2227 370 2299 subeat
386 2226 497 2298 faciles
514 2226 640 2300 nobilis
655 2227 770 2300 umbra
790 2226 895 2313 lares,

145 2340 247 2437 Quae,
264 2367 390 2413 memor
405 2338 573 2411 immeritae
591 2339 727 2413 violenti
745 2341 881 2415 Caesaris
899 2342 970 2430 irc,

195 2453 343 2554 Hospitii
360 2469 431 2529 toto
451 2454 567 2551 querit
587 2453 621 2525 in
639 2454 719 2527 orbe
739 2453 861 2529 locum.

145 2566 268 2641 Tendit
283 2567 323 2641 ab
341 2563 479 2639 Euxinis
496 2568 586 2639 Naso
607 2566 668 2639 tibi
685 2568 821 2641 brachia
837 2570 939 2670 ripis,

196 2684 240 2755 Et
254 2681 401 2782 placidos
417 2698 538 2782 portus
554 2681 811 2785 confugiumque
826 2686 919 2784 petit.

146 2798 292 2895 Frigoris
307 2798 497 2897 impatiens,
511 2799 660 2872 hirsutus
675 2798 717 2871 ab
733 2828 793 2875 axe
812 2803 940 2885 Boreo,

196 2920 242 2990 Ut
258 2918 367 2991 soveas
385 2919 509 2992 Batavo
525 2917 668 2991 membra
687 2933 800 3018 tepore
815 2938 919 3013 rogat.

145 3036 209 3117 Et,
227 3063 323 3133 quam
340 3063 407 3107 non
425 3034 501 3106 lstri
517 3034 628 3134 potuit
646 3032 838 3129 glacialibus
855 3036 973 3123 undis,

196 3151 405 3223 Heemstedio
423 3166 532 3251 sperat
547 3149 637 3222 lonte
654 3147 758 3222 levare
776 3148 875 3221 sitim.

147 3266 181 3339 si
200 3266 276 3340 licet
291 3267 351 3339 has
367 3264 475 3339 Musis
494 3292 601 3339 sacras
619 3263 781 3339 celebrare
797 3262 955 3351 latebras,

194 3379 356 3455 Exsilium
374 3408 542 3480 nunquam
559 3378 671 3450 mitius
687 3377 742 3453 illc
761 3394 868 3478 petat;

148 3497 214 3566 Nec
232 3497 387 3591 gravibus
403 3494 519 3568 molles
533 3493 685 3567 incendat
702 3492 875 3592 questibus
889 3518 1005 3571 auras,

196 3613 266 3684 Ant
282 3612 376 3686 Latio
392 3612 504 3711 cupiat
520 3636 654 3693 rursus,
672 3625 704 3680 et
719 3608 802 3682 urbe
819 3606 894 3679 srui.

150 3730 218 3802 Has
235 3725 361 3797 habitet
374 3725 486 3811 sedes;
504 3722 626 3797 rabida
641 3724 706 3821 jam
723 3723 859 3796 Caesaris
877 3722 930 3795 irc

197 3839 358 3917 fulminei
377 3859 483 3933 grates
500 3838 667 3912 officiosus
684 3856 767 3932 agat.

148 3957 268 4031 Tristia
284 3982 343 4027 nec
361 3953 473 4053 patria
492 3970 542 4025 tot
558 3952 701 4025 cannina
718 3948 833 4024 fundat
848 3975 978 4034 amore,

196 4076 305 4146 Laetus
321 4089 354 4145 at
374 4066 618 4144 Heemstedium
636 4065 730 4141 tollat
745 4065 787 4137 ad
803 4082 890 4138 astra
906 4091 1033 4137 nemus.
