2722 4702
144 310 210 379 216
419 312 459 376 P.
487 310 662 380 OVIDII
687 308 919 380 NASONIS

143 453 321 550 Quumque
337 448 394 523 atii
411 450 561 545 fugerent
577 450 694 524 subite
710 453 860 547 contagia
875 450 995 540 cladis,'

193 569 259 639 Neo
276 565 393 640 vellent
413 568 483 640 ictae
501 566 597 638 limen
616 566 704 640 adire
721 566 859 655 do‘mus3

143 676 192 755 Te
210 681 273 754 sibi
296 711 367 754 cum
384 682 497 782 paucis
515 681 661 753 meminit
679 682 833 755 mansisse
849 680 996 774 fidelem,

192 799 227 870 Si
246 826 370 897 paucos
387 798 506 898 aliquis
526 815 629 871 tresve
646 797 767 872 duosve
785 816 889 873 vocat.

147 915 307 1009 Quamvis
322 913 508 1000 adtonitus,
524 914 626 986 sensit
646 930 751 986 tamen
768 915 891 999 omnin3
906 942 966 988 nec
981 930 1032 1000 te,

194 1031 236 1103 Se
253 1030 375 1116 minus,
394 1029 535 1102 adversis
553 1028 733 1102 indoluisse
748 1031 827 1104 suis.

146 1147 256 1219 Verba
274 1144 373 1231 solet,
392 1145 582 1244 vultumque
600 1161 707 1231 tuum,
725 1145 928 1245 gemitusque
945 1144 1082 1251 roseum,

194 1264 240 1334 Et
258 1278 289 1333 te
304 1260 420 1346 ssente,
437 1286 515 1333 suos
532 1259 713 1331 emaduisse
729 1257 841 1333 sinus:
976 1331 978 1334 ,
1169 1277 1204 1344 40

147 1376 255 1470 Quam
274 1373 336 1446 sibi
353 1373 557 1473 prestiteris,
577 1402 641 1473 qua
658 1372 846 1445 consolatus
864 1372 1003 1445 amicum

197 1491 250 1563 sis
267 1518 348 1589 ope,
369 1488 524 1561 solandus
543 1517 645 1587 quum
661 1487 757 1560 simui
772 1488 842 1586 ipse
859 1487 957 1560 sores.

148 1603 215 1675 Pro
232 1602 355 1701 quibus
372 1600 524 1672 adfirmat
538 1601 609 1675 l'ore
628 1628 662 1675 se
678 1628 919 1699 memoremque
934 1599 1104 1701 piumque,

197 1718 271 1791 Sive
286 1719 371 1791 diem
389 1717 513 1805 videat,
534 1718 601 1789 sive
620 1735 748 1812 tegatur
763 1717 884 1789 humo:

147 1834 212 1907 Per
229 1850 327 1932 caput
345 1834 416 1932 ipse
432 1861 526 1906 suum
545 1833 662 1907 solitus
678 1834 805 1931 jurare,
823 1851 999 1935 tuumque,

197 1948 298 2043 Quod
315 1947 382 2021 scio
399 1976 465 2020 non
484 1946 532 2019 illi
550 1946 647 2021 vilius
664 1976 733 2029 esse
751 1976 829 2021 suo:

148 2061 250 2135 Plena
270 2080 320 2136 tot
337 2093 373 2137 ac
392 2065 491 2137 tantis
507 2064 665 2139 referatur
681 2065 784 2160 gratia
799 2062 913 2150 factis;

197 2179 266 2251 Nec
283 2177 367 2250 sinet
382 2176 436 2250 ille
455 2195 530 2251 tuos
550 2176 628 2251 litus
645 2205 734 2252 arare
751 2178 875 2252 boves:

148 2295 213 2368 Fac
231 2295 332 2368 modo
349 2313 536 2370 constanter
551 2296 729 2397 profugum
748 2315 873 2370 tueare:
889 2291 978 2393 quod
995 2291 1071 2378 ille,

199 2411 267 2506 Qui
288 2412 371 2482 bene
391 2430 420 2483 te
434 2411 545 2495 novit,
564 2440 632 2483 non
649 2429 759 2504 rogat,
776 2410 847 2509 ipsu
864 2437 954 2502 rogo.
1175 2425 1207 2477 50

148 2590 222 2634 teres.
236 2580 370 2631 Hunos.-
377 2577 464 2629 Nostri
473 2595 650 2645 qnoque,sna.
699 2579 808 2629 verbum
822 2575 939 2643 elegans,
957 2577 1002 2630 sed
1020 2577 1072 2630 rari
1087 2596 1148 2630 usus
1160 2586 1205 2631 est.

181 2657 220 2708 33.
243 2658 374 2722 Conlagia.
395 2651 649 2707 consternationem.
734 2654 1204 2723 43.Memoremquep1nmqne.Medo-

149 2734 241 2786 Subito
248 2736 337 2784 cladis.
345 2730 430 2783 Subiti
439 2731 533 2784 exsilii:
546 2750 593 2798 pro
603 2736 654 2782 cla·
701 2733 794 2785 niaous
812 2741 945 2800 luumqnc,·
964 2745 991 2786 et
1007 2754 1067 2788 mox
1085 2734 1204 2786 meliores

151 2815 203 2863 dis.
217 2815 298 2876 pestis
309 2810 416 2862 Junian.
431 2813 516 2861 mortis
535 2809 653 2862 Leidens.
700 2818 767 2862 tunm
778 2812 972 2879 solitnsjnrare‚
987 2833 1110 2881 suumque.
1123 2813 1160 2865 H.

152 2894 239 2941 mentis
257 2888 354 2940 Lovan.
367 2886 484 2955 quietio
496 2905 571 2938 versu
582 2904 654 2956 με·
734 2891 773 2954 44.
787 2891 914 2944 Sindica
925 2893 1016 2944 veneat.
1026 2892 1086 2946 Sive
1096 2890 1175 2943 vivat.

153 2966 255 3021 cedenti
265 2975 427 3032 ,preventum
438 2974 526 3019 mente.
735 2971 775 3035 48,
785 2969 837 3023 Nec
843 2971 956 3021 suceide
964 2979 1027 3021 tuos.
1036 2971 1092 3024 Nec
1099 2967 1206 3038 permit

184 3047 224 3112 37.
233 3045 402 3097 Sensittaemen
410 3048 501 3097 omnin.
513 3043 655 3097 &eldme-
702 3057 740 3099 tet
751 3057 776 3099 te
787 3046 884 3101 frustra
898 3046 966 3116 apud
983 3047 1057 3102 illum
1069 3047 1206 3104 collocate

151 3122 235 3176 tiores.
248 3123 347 3176 Hntns.
702 3124 1206 3197 betiefieium.llleenimle'tnsaml,qui

185 3204 223 3266 40.
237 3204 403 3254 Demaaelnisse
412 3203 490 3252 sinus.
499 3197 583 3252 Valde
597 3218 655 3252 ma·
703 3221 807 3270 operam
817 3202 915 3271 perdit,
927 3213 953 3255 et
965 3203 1061 3257 trustra
1073 3204 1180 3258 laborat

154 3279 253 3344 dumne,
267 3300 347 3347 quum
359 3280 453 3333 scilicet
464 3278 492 3330 in
505 3297 565 3331 meo
577 3296 655 3332 com·
733 3284 772 3351 49.
781 3285 834 3334 Fac
840 3285 912 3335 modo
919 3293 1067 3336 constanter.
1078 3285 1205 3335 Constan-

154 3353 362 3423 plantantes,
375 3356 521 3409 etuhertim
529 3355 654 3422 deusde·
701 3366 749 3409 tem
768 3358 866 3430 Gryph.
879 3368 905 3410 et
919 3358 1039 3412 Vincent.
1064 3357 1124 3410 edit.
1143 3377 1202 3409 cou-

154 3429 249 3500 orymis
262 3433 310 3483 tuis
320 3451 363 3484 eos
374 3431 553 3498 perfunderes.
568 3435 654 3487 Pom.
700 3447 796 3488 stanter
804 3440 873 3490 illum
882 3444 965 3488 tueare
976 3437 1099 3489 Bernens

154 3534 187 3548 ·-
197 3507 534 3569 Nonnulliimmadue'ssetat
540 3520 652 3580 septem,
735 3514 775 3564 50.
790 3517 842 3578 Qui
852 3515 910 3564 dene
925 3519 950 3562 te
965 3515 1037 3563 noee'l.
1055 3509 1134 3558 Nota!
1148 3514 1202 3560 nes

155 3593 199 3636 aut
207 3593 265 3637 octo
273 3585 405 3651 meliores,
417 3586 573 3651 enodatim
583 3588 653 3656 quod
702 3589 796 3658 scripti.
809 3591 904 3656 Forte,
921 3589 1000 3654 Qum
1006 3588 1094 3638 team
1102 3589 1176 3638 nont.

560 3817 793 3843 *do-*u
