2722 4702
763 226 774 262 l

405 322 444 387 P.
473 320 647 388 OVIDII
673 319 903 390 NASONIS

128 463 212 534 Nata
230 456 386 558 pudicitia
402 477 469 546 est,
486 487 610 545 mores,
627 459 861 559 probitasque,
880 459 1046 562 fidesque:
1090 537 1093 543 ,
1158 480 1192 551 45

179 578 225 646 At
240 602 308 646 non
327 593 404 647 sunt
421 575 483 648 ista
502 576 620 669 gaudia
638 592 712 647 nata
728 575 792 646 die.

134 688 198 763 Sed
214 686 325 775 labor,
344 707 377 762 et
394 718 497 776 cure,
515 690 711 790 fortunaque
727 688 875 761 moribus
890 687 1016 788 impar;

180 805 341 906 Justaque
360 806 400 877 de
416 804 516 877 viduo
533 833 624 904 pene
640 802 770 905 querela
788 822 870 876 toro.

134 920 283 1007 Scilicet,
300 920 445 995 adversis
461 922 613 1021 probitas
629 922 768 995 exercita
785 921 903 1007 rebus,

185 1038 286 1111 Tristi
306 1039 472 1111 materiam
490 1056 635 1137 tempore
653 1036 759 1111 laudis
773 1035 892 1108 babet:

138 1153 173 1226 Si
192 1154 275 1227 nibil
294 1154 405 1229 infesti
424 1155 525 1227 durus
543 1154 677 1226 vidisset
696 1152 849 1253 Ulysses,

187 1273 351 1372 Penelope
370 1272 465 1359 lelix,
484 1272 542 1346 sed
559 1273 629 1345 sine
646 1269 760 1356 lande,
777 1270 880 1342 soret:

138 1386 254 1461 Victor
271 1387 450 1459 Echionias
468 1386 496 1457 si
515 1386 564 1456 vir
577 1400 778 1485 penetrasset
794 1384 829 1454 in
846 1408 954 1467 arces,

188 1503 340 1577 Forsitan
359 1502 512 1575 Euadnen
531 1502 584 1577 vix
603 1530 660 1573 sua
677 1516 790 1572 nosset
807 1499 945 1570 burnus:

143 1620 257 1714 Quum
275 1617 364 1690 Pelia
380 1633 431 1689 tot
443 1617 510 1689 sint
527 1615 660 1710 genita,
678 1643 737 1688 cur
752 1612 877 1688 nobilis
893 1640 958 1687 una
974 1613 1046 1685 est?
1167 1633 1203 1687 55

174 1818 214 1880 45.
222 1817 292 1866 Nata
294 1817 419 1880 pndt'ce'tio
426 1823 477 1879 est,
490 1815 646 1867 111016,Μο-

141 1897 191 1953 ris,
207 1892 245 1945 vel
264 1913 368 1951 morum.
385 1893 426 1945 vel
436 1912 517 1946 secum
533 1891 589 1944 libri
601 1911 648 1944 ve-

33 2008 41 2025 ,
143 1978 227 2027 teres;
240 1967 289 2021 boc
297 1979 334 2022 est
345 1979 423 2022 tecum
432 1979 523 2037 :atque
533 1966 567 2020 ita
580 1985 645 2035 quo-

144 2064 195 2113 que
204 2045 228 2098 Τ
230 2047 373 2116 anaquillus
383 2047 501 2100 Faberio
510 2045 631 2115 Epistolis
642 2063 648 2097 :
668 2082 671 2089 -

143 2123 190 2177 sed
210 2130 284 2177 moa's
303 2125 430 2179 meliores.
451 2125 526 2178 Latet
544 2121 651 2191 aliquid.

144 2201 242 2257 Putem
247 2213 336 2263 cemos.
347 2205 471 2273 nisiqnod
477 2207 585 2256 moribus
592 2220 651 2254 mor

146 2281 271 2348 sequitur.
285 2282 363 2335 Forte
374 2293 401 2336 e!
409 2286 500 2341 donor,
515 2280 556 2333 rel
566 2284 652 2333 hortos.

180 2360 219 2430 49.
234 2361 355 2412 Adversa
363 2363 477 2425 probitas
492 2363 601 2410 exercita
613 2376 653 2408 re-

147 2438 201 2486 dus.
210 2434 254 2488 Sic
262 2435 336 2502 Virg.
346 2436 470 2500 AEn.ttl,
481 2454 505 2485 v.
516 2436 576 2498 182,
590 2435 653 2484 Iltir-

150 2517 188 2562 cis
196 2512 384 2575 exercr'tcsattls.

179 2589 311 2640 SuDurus
319 2591 424 2641 vidisse!
434 2591 543 2658 Ulysses.
552 2591 612 2642 Non
618 2591 653 2643 vi·

151 2662 189 2715 dit
201 2674 317 2729 tantum,
332 2663 377 2716 sed
390 2662 447 2717 tulit
462 2667 540 2716 etiam
550 2675 576 2716 et
588 2685 653 2733 per·

151 2762 238 2812 pessus
250 2753 295 2794 est.
310 2742 400 2810 Quare
412 2742 509 2808 scribo,
522 2747 654 2795 subiisset:

152 2819 656 2889 provulgatalectionetamenstantseri·

152 2897 191 2967 pti
202 2918 301 2952 omnes.
313 2900 390 2954 Pont.
403 2902 431 2966 l,
446 2900 596 2970 Eleg.1v,v.
606 2901 653 2967 ὥς

152 2998 167 3023 s
180 2978 278 3031 Durius
290 2989 328 3031 est
340 2979 418 3048 igitur
431 2991 567 3044 nostrum,
582 2977 657 3034 fidis-

153 3055 333 3124 simaconjux,
346 3057 406 3121 lllo,
414 3055 484 3126 quod
491 3056 568 3111 subiit
578 3055 657 3108 AEso-

154 3150 188 3186 ne
200 3145 290 3200 natus,
306 3155 398 3190 onus.»
411 3135 454 3188 Sic
462 3138 598 3201 peraculum
606 3153 657 3193 su-

154 3215 331 3279 artemam,
341 3219 460 3274 laborem,
471 3225 497 3267 et
504 3212 658 3281 similiapas·

154 3289 275 3360 simapud
283 3293 439 3347 Ciceronem
448 3295 560 3360 aliosque
568 3293 659 3344 obcur-

104 3360 107 3376 ι
156 3380 226 3420 runt.
233 3370 353 3424 tt-sed
363 3372 417 3425 hec
424 3384 462 3425 est
472 3391 542 3424 nrera
551 3381 659 3423 mutan-

158 3447 183 3500 di
192 3457 218 3500 et
225 3447 384 3516 corrigendi,
393 3451 536 3501 etiemsana
544 3489 552 3515 ,
561 3449 640 3501 libido
649 3467 656 3501 t

156 3524 268 3575 oe'demus
282 3524 353 3576 enim
365 3525 448 3588 mala,
466 3543 523 3591 quae
534 3525 659 3578 subimus.

157 3602 266 3654 Terent.
278 3601 389 3671 Adelph.
402 3603 437 3666 V,
450 3617 488 3665 tv,
504 3603 548 3653 13:
559 3624 572 3646 s
584 3604 657 3656 Uxo-

159 3698 216 3733 rem
224 3678 284 3733 duxi
294 3700 386 3749 ,quarn
396 3680 430 3733 ibi
436 3680 567 3733 miseriam
574 3680 660 3732 vidi.»

159 3762 234 3818 Idem
241 3781 303 3814 vero
311 3763 477 3832 notareqnod
485 3769 599 3826 experiri.
613 3763 660 3815 do·

159 3854 200 3899 cet
211 3841 322 3911 Philarg.
338 3842 368 3895 od
381 3843 423 3896 illa
436 3841 550 3909 Virgilii,
563 3841 660 3911 Georg.

160 3924 187 3978 ll
199 3961 207 3987 ,
224 3924 269 3973 501
281 3939 287 3974 ι
305 3944 318 3967 u
334 3941 382 3973 nec
395 3921 480 3973 lerrea
493 3919 566 3985 iura,
581 3922 660 3972 tusa—

161 4018 277 4070 numque
283 4001 381 4065 lorum,
390 4011 433 4052 aut
441 3995 528 4065 populi
537 3995 661 4050 tabularia

160 4080 239 4148 ridit5
253 4102 266 4129 u
279 4079 323 4134 ubi
336 4077 440 4134 adducit
452 4076 538 4131 locum
554 4094 584 4129 ex
599 4074 659 4128 AEn.

695 1813 749 1878 ΧΙ,
764 1813 810 1865 abd
825 1833 831 1865 :
844 1833 857 1858 «
871 1812 981 1865 AEtneos
995 1808 1061 1863 vidit
1073 1808 1204 1882 Cyclopas

696 1890 806 1961 Ulyxes3
824 1912 837 1935 a
850 1899 875 1942 et
890 1889 924 1942 ibi
938 1887 1045 1941 Servius
1058 1888 1126 1940 mire
1140 1886 1206 1942 illud

695 1972 761 2020 ocidit
776 1966 902 2020 addidisse
918 1976 1004 2027 notat3
1018 1975 1048 2018 ut
1060 1965 1122 2032 lll,
1139 1967 1206 2032 430,

698 2068 712 2092 «
727 2045 816 2114 Quam
830 2046 909 2098 semel
921 2044 1066 2097 informem
1080 2055 1153 2097 vasto
1165 2043 1204 2096 vi-

698 2125 763 2178 disse
775 2125 822 2177 sub
835 2125 915 2178 Arcto
925 2122 1046 2193 Scyllam.
1057 2145 1070 2169 a
1082 2122 1182 2176 Bm.

732 2207 771 2256 52.
779 2204 837 2255 Siue
843 2199 991 2267 laudesmt.
999 2200 1064 2254 sine
1070 2198 1147 2253 lande
1155 2219 1206 2270 pn-

700 2281 792 2334 dicitiae
800 2321 807 2344 ,
816 2299 893 2348 qnam
901 2281 956 2350 ipso
963 2278 1069 2330 absente
1078 2317 1086 2344 ,
1097 2278 1159 2331 totis
1166 2277 1209 2330 ri·

701 2359 764 2425 ginti
773 2356 848 2409 annis
860 2355 1036 2418 conservavit,
1051 2364 1078 2406 et
1089 2353 1207 2408 reditum

701 2437 757 2502 ejus
768 2430 1065 2503 patienterexspectavit.
1078 2431 1167 2486 Pon'r.

735 2513 775 2562 53.
791 2513 877 2562 Victor
888 2513 1035 2563 Echionias.
1050 2507 1208 2578 Capaneum

702 2586 832 2656 designat,
850 2584 883 2638 de
902 2606 954 2654 quo
969 2588 1088 2639 diximus.
1108 2589 1140 2638 In
1159 2607 1208 2639 ar-

701 2684 743 2717 ces
762 2667 907 2716 Echionias.
921 2665 952 2716 ln
972 2686 1042 2719 arces
1061 2663 1208 2718 Thebanas.

704 2743 804 2796 Erbion
817 2743 888 2794 enim
898 2741 945 2794 suit
957 2764 1024 2796 rrntrs
1032 2764 1061 2795 ex
1069 2741 1142 2795 soriis
1152 2741 1208 2794 Ca-

703 2821 757 2873 dmi
768 2861 775 2886 ,
790 2821 832 2888 qui
844 2841 904 2875 cnm
915 2841 946 2872 eo
955 2822 1058 2874 Thebas
1067 2819 1193 2874 condidit.

737 2904 776 2966 52.
787 2900 916 2955 Eradm.
934 2901 1055 2955 Uxorem
1072 2898 1209 2968 Capanei:

704 2979 779 3047 cnjus
790 2997 861 3032 mors
868 2988 929 3032 nota
937 2988 983 3032 est,

739 3061 777 3110 55.
788 3059 868 3122 Quum
875 3060 1040 3124 Peliagem’tae
1047 3066 1084 3111 tot
1091 3062 1152 3121 sr'nt,
1160 3075 1212 3110 car.

706 3134 790 3186 Pelias
808 3133 877 3187 lilius
891 3134 940 3188 luit
960 3135 1076 3203 Neptuni
1094 3155 1125 3187 ex
1138 3135 1212 3207 Tyro

706 3211 846 3283 Nympha,
860 3213 911 3264 fitia
931 3212 1063 3266 Salmonei
1080 3213 1164 3280 regis,
1182 3220 1214 3264 ut

706 3291 792 3343 scribit
803 3292 943 3343 Homerus.
955 3290 1046 3342 Refert
1057 3287 1128 3340 enirn
1144 3288 1212 3339 banc

706 3370 865 3421 consuevisse
873 3368 939 3419 cirea
946 3367 1013 3435 ripas
1023 3365 1113 3430 Enipei
1125 3362 1210 3414 flumi-

707 3449 747 3500 nis
755 3445 882 3500 delectari,
891 3444 956 3496 Eam
968 3448 1112 3512 Neptunus,
1121 3450 1210 3493 sumta

708 3526 802 3594 Enipei
819 3526 917 3588 forma,
934 3523 1059 3590 virginem
1075 3517 1212 3586 cepit,.et

707 3623 768 3656 eum
780 3623 810 3655 ea
825 3598 979 3664 concubuit,
994 3595 1136 3666 gemuitque
1152 3597 1213 3651 Pe-

707 3680 767 3732 liam
776 3693 801 3733 et
809 3681 926 3733 Neleum.
936 3673 1166 3739 Pette,Thessattae
1173 3696 1214 3730 re·

708 3760 755 3827 gis,
764 3759 822 3812 litia
831 3758 937 3811 [nerunt
947 3754 1112 3822 Asteropes,
1127 3755 1214 3809 Auto-

709 3858 775 3903 noe,
790 3837 904 3890 Alcestis.
925 3835 976 3885 Cur
990 3835 1084 3886 uobe'lr's
1101 3854 1154 3886 erra
1167 3840 1214 3886 est.

710 3917 830 3980 Alcestis,
841 3914 930 3982 Eurip.
943 3911 1021 3966 labb
1032 3934 1038 3974 ;
1051 3912 1121 3981 quod
1131 3911 1165 3964 sic
1174 3911 1213 3961 la-

709 3993 763 4047 tine
783 3993 938 4046 reddimus:
956 4013 969 4037 o
984 3992 1032 4045 Ast
1047 3992 1100 4045 sola
1118 3986 1212 4051 conjux

709 4091 757 4143 pro
768 4090 815 4124 suo
826 4071 937 4138 spondet
947 4070 1019 4126 viro:
1032 4064 1139 4122 Alcestis
1150 4061 1211 4116 illas
