2722 4702
142 344 205 428 4¹²
423 343 461 408 P.
485 340 662 410 OVIDII
685 338 916 409 NASONIS

418 658 942 751 EPIST⁰LAV111.‘

554 978 786 1083 ua'xruo.
892 1034 899 1046 ·

495 1342 852 1405 ARGUMENTUM.

145 1498 301 1552 pharetram
312 1495 369 1550 telis
383 1496 516 1565 gravidam
529 1497 646 1549 Maximo
659 1497 755 1560 mittit,
771 1498 879 1550 unicum
900 1497 970 1566 quod
987 1497 1106 1572 Scythica
1124 1501 1198 1556 tellau

341 1576 442 1630 obserat
454 1596 567 1639 munus;
580 1576 651 1644 quod
662 1588 690 1629 ut
702 1577 766 1630 boni
778 1578 910 1646 consulat,
923 1589 1002 1649 rogat.

147 1728 259 1853 QUAE
273 1754 347 1838 tibi,
372 1754 575 1852 quaerebam,
593 1783 771 1829 memorem
788 1759 940 1832 testantia
956 1787 1084 1852 euram,

193 1871 291 1942 Dona
307 1869 502 1943 Tomitanus
516 1871 644 1944 mittere
662 1890 776 1973 posset
793 1903 878 1970 ager.

144 1987 275 2083 Dignus
289 2015 324 2061 es
335 2005 490 2084 argento,
508 1986 599 2062 fulvo
618 2019 751 2091 quoque
768 1990 898 2085 dignior
912 2020 1016 2067 auro:

193 2103 258 2177 Sed
275 2121 323 2191 te,
341 2133 443 2204 quum
457 2103 581 2192 donas,
599 2105 661 2178 ista
677 2106 788 2204 juvare
803 2103 920 2179 solent.

145 2224 212 2293 Nee
230 2237 338 2294 tamen
355 2219 424 2293 haec
442 2206 513 2293 loca
533 2238 611 2294 sunt
626 2218 696 2294 ullo
711 2225 853 2322 pretiosa
869 2223 1024 2298 metallo:
1183 2250 1197 2299 5

148 2329 149 2332 Ἴ
193 2339 311 2410 Hostis
327 2336 369 2408 ab
387 2335 529 2430 agricola
547 2336 600 2409 vix
618 2337 697 2411 sinit
713 2336 768 2411 illa
786 2337 864 2410 sodi.

145 2451 297 2550 Purpura
315 2475 399 2548 saepe
416 2466 491 2523 tuos
507 2449 636 2544 fulgens
654 2452 800 2551 preterit
816 2452 975 2541 amictus;

193 2562 257 2637 Sed
272 2592 340 2635 non
358 2563 534 2638 Sarmatica
553 2564 691 2658 tingitur
707 2564 762 2637 illa
774 2594 883 2639 manu.

146 2680 275 2757 Vellera
293 2681 373 2753 dura
390 2681 500 2755 serunt
514 2683 675 2781 pecudes,
694 2702 726 2757 et
742 2682 885 2756 Palladis
901 2687 950 2759 uti

193 2798 275 2869 Arte
291 2796 472 2869 Tomitanae
486 2824 556 2868 non
573 2795 713 2870 didicere
730 2827 843 2870 nurus.

147 2915 279 2987 Femina
296 2941 357 3013 pro
374 2914 448 2988 lana
464 2912 608 2988 Cerealia
624 2942 758 2987 munera
773 2914 912 3008 frangit,

193 3028 442 3130 Subpositoque
461 3055 590 3123 gravem
606 3028 724 3101 vertice
737 3045 850 3129 portat
866 3054 993 3128 aquam.

145 3149 221 3219 Non
236 3146 290 3218 hie
303 3146 485 3248 pampineis
500 3145 650 3219 amicitur
666 3145 789 3218 vitibus
806 3143 934 3218 ulmus:

180 3310 648 3378 1.Curammemorem.Quaetestaren·
696 3309 849 3373 cursiones,
873 3305 958 3359 multo
974 3308 1063 3362 minus
1085 3328 1144 3362 eam
1168 3311 1200 3362 ob

146 3401 190 3444 tur
198 3409 287 3443 euram
296 3391 410 3446 hominis
420 3390 544 3444 memoris
553 3391 599 3443 tui.
696 3405 799 3440 causam
813 3397 919 3455 possunt
931 3407 982 3440 aera
996 3386 1095 3440 fodere.

180 3471 204 3533 4.
216 3470 269 3522 Sed
279 3482 318 3533 te,
340 3490 412 3537 quum
429 3474 525 3534 donas,
542 3469 649 3534 r'staju-
731 3485 752 3532 7.
769 3464 884 3517 Protesi!
900 3471 1016 3518 amictus.
1033 3467 1152 3515 pratens
1168 3482 1200 3516 ex

146 3566 204 3599 vare
219 3553 305 3601 soleat.
328 3545 380 3601 sed
398 3562 492 3599 aurum
508 3556 534 3598 et
553 3565 648 3616 argen—
697 3541 763 3594 libro
775 3540 896 3594 Politiani
909 3542 1013 3610 aliisque
1023 3538 1119 3591 multis.
1135 3539 1173 3593 H.

146 3636 204 3677 tum
216 3627 295 3695 magis
303 3623 368 3677 soles
378 3621 476 3675 donare
486 3621 556 3689 aliis,
569 3642 649 3691 quam
729 3639 753 3692 9.
762 3619 798 3671 Et
803 3620 919 3670 Palladis
925 3628 984 3671 arte.
994 3613 1160 3682 scaligerum
1167 3617 1201 3671 le·
1214 3613 1226 3637 ⁸

147 3704 270 3772 accipere.
698 3696 776 3766 gisse,
796 3707 825 3749 a!
842 3698 972 3755 Palladis,
988 3693 1091 3746 notavit
1108 3695 1201 3749 Hein-

178 3784 202 3835 6.
214 3775 451 3843 lesr'm'tr'llasodl.
463 3777 649 3834 ausuum.
697 3773 761 3836 sius,
769 3772 814 3826 sed
822 3791 874 3824 uon
884 3770 1005 3841 probabat
1014 3790 1021 3832 ς
1029 3774 1125 3825 uellera
1132 3777 1201 3827 nulla

147 3870 174 3913 et
187 3870 237 3913 tros
247 3853 288 3907 alii
298 3874 304 3914 ;
316 3855 371 3904 atla
382 3853 453 3907 Leid.
464 3855 514 3908 Vix
522 3856 649 3925 permittit
697 3851 776 3903 etiam
786 3869 829 3904 sex
839 3849 923 3915 scripti
934 3867 996 3902 cum
1006 3848 1085 3918 prim.
1096 3850 1160 3904 edit.

145 3941 200 3994 loca
211 3936 252 3990 issa
261 3932 335 3987 arari.
346 3932 427 4000 Quasi
436 3933 502 3987 dicat
514 3957 520 3990 :
530 3936 559 3989 si
568 3935 649 3988 inhac
732 3950 769 3983 ιι.
782 3932 895 3984 Cerealia
908 3949 1017 3982 munera.
1033 3930 1113 3983 Multi
1128 3927 1197 3984 codi-

146 4009 648 4087 regionenonpossunthomiuesagrum
696 4027 753 4073 cea,
768 4013 877 4071 semina.
891 4008 961 4062 inter
974 4027 1038 4078 quos
1049 4007 1137 4060 nostri.

145 4096 229 4148 colere
239 4092 272 4144 ob
283 4087 403 4145 hostilem
415 4085 550 4150 timorem,
565 4100 591 4142 et
606 4089 648 4141 iu·
732 4091 768 4142 13.
782 4091 914 4147 Amicitiae.
930 4093 1051 4145 umam
1063 4083 1159 4140 Mureti
1171 4095 1197 4137 et
