2722 4702
287 351 354 419 nx
378 349 558 418 nonno
582 354 678 419 mn.
704 355 772 422 lv.
798 357 965 425 nn1sn.
991 360 1060 429 ιν.
1138 363 1205 455 429

144 491 299 591 Purpura
316 488 510 589 Pompeium
529 491 647 564 summi
664 491 786 566 velabit
800 493 953 586 honoris,
1171 524 1204 576 25

190 611 241 681 Ne
258 605 365 679 titulis
384 606 561 708 quicquam
579 607 698 682 debeat
714 608 769 682 ille
784 613 863 685 suis.

144 723 284 797 Cernere
300 723 364 820 jam
382 722 496 796 videor
511 724 619 823 rumpi
635 723 813 825 penetralia
831 727 948 816 turba,

190 837 236 909 Et
251 833 413 935 populum
425 833 517 925 laedi,
531 835 701 912 deficiente
714 836 808 912 loeo:

142 946 345 1049 Tsnplaque
362 950 512 1048 Tarpeiae
529 951 672 1050 primum
690 950 855 1026 tibi'sedis
867 952 971 1043 adiri3

191 1066 236 1136 Et
250 1063 322 1136 lieri
338 1062 449 1138 faciles
465 1063 501 1136 in
521 1082 576 1138 tua
592 1085 668 1139 vota
685 1068 793 1141 Deos:

144 1177 239 1252 Colla
254 1179 357 1252 boves
373 1179 487 1252 niveos
503 1199 597 1254 certe
611 1181 757 1281 prebere
773 1183 898 1270 securi,

191 1298 287 1392 Quos
304 1295 387 1371 aluit
403 1298 525 1398 campis
539 1298 644 1372 herba
661 1298 787 1373 Falisca
803 1300 881 1373 suis.

144 1409 321 1513 Quumque
338 1414 426 1497 Deos
440 1440 573 1500 omnes,
593 1431 663 1486 tum
678 1442 763 1514 quos
778 1413 958 1514 impensius
972 1442 1084 1516 aequos

190 1526 271 1601 Esse
288 1527 349 1601 tibi
365 1528 496 1629 cupias,
512 1556 588 1601 cum
605 1529 696 1602 Jove
706 1530 815 1602 Cesar
831 1530 903 1602 erit.

144 1638 242 1713 Curia
259 1657 290 1713 te
308 1643 464 1742 excipiet,
482 1657 659 1742 putresque
675 1668 693 1713 e
709 1668 799 1713 more
816 1644 922 1714 vocati

190 1753 369 1828 lntendent
386 1783 480 1828 aures
494 1754 536 1827 ad
552 1771 608 1827 tua
626 1753 725 1844 verba
743 1780 828 1826 suas.

143 1868 218 1940 llos
233 1867 292 1961 ubi
307 1867 447 1940 facundo
464 1886 519 1942 tua
534 1897 599 1941 vox
617 1866 805 1940 hilaraverit
820 1892 894 1950 ore,

191 1983 305 2081 thue
323 1978 426 2067 solet,
448 1982 560 2055 tulerit
572 2008 730 2082 prospera
743 1979 843 2053 verba
860 1980 950 2064 dies;

143 2099 259 2192 Egeris
274 2116 307 2171 et
324 2096 456 2171 meritas
473 2098 608 2196 Superis
624 2125 698 2170 cum
716 2095 840 2169 cesare
857 2111 981 2188 grates,

138 2290 236 2354 pulses.
245 2286 431 2352 Eritexaetns,
445 2285 551 2353 etquasi
559 2284 648 2340 finitus
697 2287 751 2340 turi
761 2284 875 2339 calendie
887 2282 1020 2349 dannerii,
1033 2294 1063 2337 ut
1074 2285 1101 2337 in
1113 2288 1204 2342 Fastis.

142 2364 304 2434 etexpulsus.
728 2366 768 2417 31.
787 2365 860 2416 Colla
877 2366 950 2416 bocer
967 2367 1059 2415 urceos.
1073 2363 1202 2419 Describit

176 2448 215 2495 25.
226 2443 338 2506 Purpura
346 2444 442 2492 suuem'.
451 2438 539 2493 Vestis
547 2457 648 2508 purpo-
696 2441 867 2509 sucrificium,
881 2441 951 2510 qood
966 2439 1139 2494 Cel-dannan.
1153 2442 1202 2496 lie·

147 2537 205 2582 res,
220 2518 320 2589 insigne
334 2534 498 2572 summorum
514 2517 648 2571 honorum
696 2520 740 2574 bat
747 2522 773 2574 in
781 2519 918 2590 Capitolio.
927 2518 1104 2573 Cedebantnr
1113 2528 1202 2573 eutem

145 2608 171 2650 et
188 2598 400 2666 magistratuum,
417 2598 499 2665 qualis
516 2607 572 2651 eret
581 2616 649 2651 eon·
697 2596 757 2652 Jori
770 2595 921 2667 Capitolino
931 2598 1033 2668 juvenci
1046 2598 1112 2662 albi,
1124 2607 1201 2666 atque

144 2676 247 2729 solatus.
696 2677 799 2748 injuges
817 2675 892 2728 electi
911 2693 942 2728 ex
957 2695 1019 2744 agro
1037 2676 1143 2730 Falisco.
1160 2675 1201 2730 lbi

176 2755 215 2806 26.
234 2756 271 2805 Ne
279 2757 359 2806 titulis
366 2759 497 2819 quicquam
509 2756 598 2804 debeat
605 2758 648 2805 ille
697 2756 785 2815 enim,
805 2773 871 2822 aque
884 2751 1013 2806 Clitumni
1027 2754 1111 2807 amnis
1122 2764 1200 2823 epota

143 2836 202 2883 suis.
216 2831 313 2882 Sensus
324 2841 363 2880 est
372 2851 379 2881 ·.
388 2832 538 2897 Purpuram
550 2840 648 2883 restem
696 2831 775 2883 bores
791 2828 915 2884 candidos
927 2829 994 2883 tacit.
1010 2829 1101 2882 Falisci
1113 2839 1201 2882 nutem

143 2918 229 2959 sumet
253 2906 409 2973 Pompeius,
429 2925 463 2958 ne
486 2904 547 2972 quid
567 2904 647 2972 desit,
697 2907 869 2977 populisuere
882 2906 910 2959 in
925 2905 1037 2962 Thuseia
1050 2906 1119 2960 haud
1133 2926 1199 2976 pro-

144 2982 215 3050 quod
225 2982 256 3033 ab
269 3000 301 3032 eo
312 2982 425 3050 prestari
437 2981 529 3035 debeat
545 2983 597 3036 suis
611 2983 646 3036 ti·
693 2987 735 3040 cul
748 2986 778 3037 ub
790 2986 862 3039 urhe.

145 3057 219 3122 tulis,
228 3068 254 3111 et
265 3057 419 3122 virtutibus,
436 3068 463 3110 et
474 3058 645 3127 inscriptioni·
727 3061 766 3126 34.
785 3063 847 3114 Cum
860 3064 923 3113 Jove
936 3062 1023 3113 Cesar
1037 3065 1092 3112 erit.
1106 3058 1199 3113 Malim

144 3134 208 3199 bus,
227 3153 273 3187 seu
292 3135 370 3188 titulis
389 3137 485 3188 summi
500 3136 606 3189 lionoris
618 3146 645 3191 et
692 3145 778 3191 erunt.-
791 3149 818 3189 et
826 3156 885 3189 mox
896 3140 1142 3204 Curiaqucrpe'et,
1153 3156 1201 3205 pro

144 3212 293 3268 consulatus
305 3213 352 3265 sui.
696 3216 803 3267 Currere
811 3219 926 3281 exceptet.
939 3215 978 3266 H.

179 3310 218 3356 ²7·
238 3293 340 3344 Cernere
346 3292 405 3358 jam
415 3294 488 3345 video
496 3296 647 3358 rerepr‘pm
727 3291 767 3344 ³6,
779 3293 826 3344 Ad
837 3301 882 3343 rna
900 3295 982 3344 urba.
997 3289 1037 3342 Ad
1048 3302 1120 3344 tuam
1132 3310 1198 3344 ora—

145 3375 212 3422 atn'e
220 3373 301 3421 turba.
308 3367 406 3422 Versus
412 3369 562 3435 mendosus,
573 3378 600 3421 et
611 3377 648 3422 te·
695 3370 795 3423 tionem
805 3409 812 3434 ,
822 3387 901 3437 quarn
909 3368 1013 3420 habebis
1026 3369 1053 3421 in
1064 3370 1200 3438 cur-inpone

143 3465 206 3500 men
218 3444 349 3501 Olserlino
357 3458 489 3500 serrmus:
502 3446 648 3515 mileorple·
695 3444 850 3501 sncmficium
870 3442 1059 3511 Capitolinum.
1074 3446 1201 3502 solebant

144 3527 215 3596 rique
227 3537 338 3591 veteres,
347 3537 415 3579 recte
425 3548 431 3589 ς
443 3526 646 3581 nonnullietism
696 3523 767 3577 euim
778 3522 840 3577 nori
852 3522 971 3576 consules
982 3523 1075 3592 gratias
1085 3541 1133 3592 pro
1151 3525 1200 3580 sibi

140 3611 292 3671 penetrabis,
311 3603 380 3674 quod
397 3608 495 3673 recepi,
514 3606 647 3675 probanti·
696 3599 782 3653 deleto
792 3599 943 3671 magistratu
952 3599 1048 3669 populo
1057 3603 1199 3670 egere,be·

145 3680 193 3734 ltus
206 3685 316 3738 Heinsio
332 3694 358 3737 et
372 3682 528 3737 Burmanno
538 3682 600 3738 :sed
613 3702 646 3738 ne
696 3678 827 3747 nlssneque
839 3677 912 3730 illum
925 3675 1036 3744 adloqui·

145 3758 293 3826 sicquidem
304 3764 373 3815 locus
384 3763 449 3815 mihi
458 3762 563 3816 videtur
572 3761 647 3831 plene
729 3756 768 3810 38.
789 3757 869 3822 thue
879 3758 958 3816 solet,
973 3757 1064 3810 lulla?-
1079 3757 1198 3825 Etposs·

146 3834 173 3886 iu
189 3836 320 3904 integrum
329 3840 470 3892 restitutus.
697 3853 774 3904 qnam
791 3854 823 3888 eo
835 3833 877 3888 die
889 3835 921 3887 de
935 3835 1008 3889 more
1021 3853 1141 3906 prospere
1153 3830 1199 3884 tibi

180 3932 219 3984 sp
241 3915 342 3980 Templa
368 3919 477 3983 strpere
491 3919 560 3970 sedis
576 3918 649 3972 adiri.
697 3911 992 3968 omnianulntantibus
1008 3906 1200 3967 cunctamine-

147 3988 289 4058 Templum
310 3988 506 4058 Capitolinum,
526 3991 559 4043 ad
580 3990 649 4060 quod
697 3991 759 4044 rint.
768 3989 894 4057 Ovidius,
909 3990 949 4044 lib.
964 3994 976 4045 l
994 3993 1060 4043 Fast
1073 4002 1137 4036 vers.
1151 4001 1199 4049 71:

146 4069 206 4121 novi
219 4066 337 4121 consules
351 4065 506 4121 accedebant
518 4066 649 4124 sacrifice·
699 4089 713 4116 s
732 4070 860 4140 Prospere
870 4070 914 4124 lux
925 4067 1026 4131 oritur,
1039 4060 1133 4130 linguis
1142 4058 1202 4112 eni·
