<?xml version="1.0" encoding="UTF-8"?>
<!DOCTYPE html PUBLIC "-//W3C//DTD XHTML 1.0 Transitional//EN"
    "http://www.w3.org/TR/xhtml1/DTD/xhtml1-transitional.dtd">
<html xmlns="http://www.w3.org/1999/xhtml" xml:lang="en" lang="en">
 <head>
  <title>
</title>
<meta http-equiv="Content-Type" content="text/html;charset=utf-8" />
  <meta name='ocr-system' content='tesseract 3.04.00' />
  <meta name='ocr-capabilities' content='ocr_page ocr_carea ocr_par ocr_line ocrx_word'/>
</head>
<body>
  <div class='ocr_page' id='page_1' title='image "./publiiovidiinas04massgoog/publiiovidiinas04massgoog_0285.png"; bbox 0 0 2722 4702; ppageno 0'>
   <div class='ocr_carea' id='block_1_1' title="bbox 306 339 1195 434">
    <p class='ocr_par' dir='ltr' id='par_1_1' title="bbox 306 339 1195 434">
     <span class='ocr_line' id='line_1_1' title="bbox 306 339 1195 434; baseline 0 -26"><span class='ocrx_word' id='word_1_1' title='bbox 306 343 372 409; x_wconf 78' lang='lat' dir='ltr'>ex</span> <span class='ocrx_word' id='word_1_2' title='bbox 396 339 573 408; x_wconf 75' lang='lat' dir='ltr'>rouro</span> <span class='ocrx_word' id='word_1_3' title='bbox 596 340 691 406; x_wconf 81' lang='lat' dir='ltr'>mn.</span> <span class='ocrx_word' id='word_1_4' title='bbox 717 341 746 404; x_wconf 93' lang='lat'>1.</span> <span class='ocrx_word' id='word_1_5' title='bbox 773 339 931 407; x_wconf 79' lang='lat' dir='ltr'>urlsr.</span> <span class='ocrx_word' id='word_1_6' title='bbox 958 342 1025 407; x_wconf 68' lang='grc' dir='ltr'>ιν.</span> <span class='ocrx_word' id='word_1_7' title='bbox 1132 370 1195 434; x_wconf 48' lang='grc' dir='ltr'>3η</span> 
     </span>
    </p>
   </div>
   <div class='ocr_carea' id='block_1_2' title="bbox 141 399 1169 2318">
    <p class='ocr_par' dir='ltr' id='par_1_2' title="bbox 1156 399 1169 434">
     <span class='ocr_line' id='line_1_2' title="bbox 1156 399 1169 434; baseline 0 0"><span class='ocrx_word' id='word_1_8' title='bbox 1156 399 1169 434; x_wconf 72' lang='lat' dir='ltr'><em>l</em></span> 
     </span>
    </p>

    <p class='ocr_par' dir='ltr' id='par_1_3' title="bbox 189 478 859 578">
     <span class='ocr_line' id='line_1_3' title="bbox 189 478 859 578; baseline -0.013 -19"><span class='ocrx_word' id='word_1_9' title='bbox 189 483 346 559; x_wconf 83' lang='lat' dir='ltr'>Anxietas</span> <span class='ocrx_word' id='word_1_10' title='bbox 362 480 481 566; x_wconf 89' lang='lat' dir='ltr'>animi,</span> <span class='ocrx_word' id='word_1_11' title='bbox 498 479 738 578; x_wconf 88' lang='lat' dir='ltr'>continuusque</span> <span class='ocrx_word' id='word_1_12' title='bbox 754 478 859 552; x_wconf 85' lang='lat' dir='ltr'>labor.</span> 
     </span>
    </p>

    <p class='ocr_par' dir='ltr' id='par_1_4' title="bbox 141 595 1042 810">
     <span class='ocr_line' id='line_1_4' title="bbox 141 595 1042 700; baseline -0.011 -23"><span class='ocrx_word' id='word_1_13' title='bbox 141 605 223 677; x_wconf 85' lang='lat' dir='ltr'>Nam</span> <span class='ocrx_word' id='word_1_14' title='bbox 240 627 311 674; x_wconf 91' lang='lat' dir='ltr'>mea</span> <span class='ocrx_word' id='word_1_15' title='bbox 326 627 387 700; x_wconf 90' lang='lat' dir='ltr'>per</span> <span class='ocrx_word' id='word_1_16' title='bbox 401 597 522 691; x_wconf 83' lang='lat' dir='ltr'>longos</span> <span class='ocrx_word' id='word_1_17' title='bbox 539 595 566 669; x_wconf 90' lang='lat' dir='ltr'>si</span> <span class='ocrx_word' id='word_1_18' title='bbox 585 595 659 695; x_wconf 91' lang='lat' dir='ltr'>quis</span> <span class='ocrx_word' id='word_1_19' title='bbox 676 595 760 668; x_wconf 89' lang='lat' dir='ltr'>mala</span> <span class='ocrx_word' id='word_1_20' title='bbox 777 595 903 689; x_wconf 81' lang='lat' dir='ltr'>digerat</span> <span class='ocrx_word' id='word_1_21' title='bbox 920 617 1042 681; x_wconf 90' lang='lat' dir='ltr'>annos,</span> 
     </span>
     <span class='ocr_line' id='line_1_5' title="bbox 190 708 880 810; baseline -0.016 -21"><span class='ocrx_word' id='word_1_22' title='bbox 190 714 296 789; x_wconf 84' lang='lat' dir='ltr'>Crede</span> <span class='ocrx_word' id='word_1_23' title='bbox 311 712 392 786; x_wconf 91' lang='lat' dir='ltr'>mibi</span> <span class='ocrx_word' id='word_1_24' title='bbox 402 767 411 796; x_wconf 88' lang='lat'>,</span> <span class='ocrx_word' id='word_1_25' title='bbox 421 708 524 810; x_wconf 82' lang='lat' dir='ltr'>-Pylio</span> <span class='ocrx_word' id='word_1_26' title='bbox 541 712 678 782; x_wconf 83' lang='lat' dir='ltr'><strong>Nestore</strong></span> <span class='ocrx_word' id='word_1_27' title='bbox 695 708 798 806; x_wconf 89' lang='lat' dir='ltr'>major</span> <span class='ocrx_word' id='word_1_28' title='bbox 813 737 880 782; x_wconf 92' lang='lat' dir='ltr'>ero.</span> 
     </span>
    </p>

    <p class='ocr_par' dir='ltr' id='par_1_5' title="bbox 142 825 1023 1044">
     <span class='ocr_line' id='line_1_6' title="bbox 142 825 1023 926; baseline -0.01 -18"><span class='ocrx_word' id='word_1_29' title='bbox 142 833 276 918; x_wconf 84' lang='lat' dir='ltr'>Cernis,</span> <span class='ocrx_word' id='word_1_30' title='bbox 293 830 380 905; x_wconf 86' lang='lat' dir='ltr'>utin</span> <span class='ocrx_word' id='word_1_31' title='bbox 395 829 505 916; x_wconf 89' lang='lat' dir='ltr'>duris,</span> <span class='ocrx_word' id='word_1_32' title='bbox 521 844 554 901; x_wconf 89' lang='lat' dir='ltr'>et</span> <span class='ocrx_word' id='word_1_33' title='bbox 570 825 649 926; x_wconf 91' lang='lat' dir='ltr'>quid</span> <span class='ocrx_word' id='word_1_34' title='bbox 666 825 751 899; x_wconf 90' lang='lat' dir='ltr'>bove</span> <span class='ocrx_word' id='word_1_35' title='bbox 767 825 921 899; x_wconf 82' lang='lat' dir='ltr'>firmius?</span> <span class='ocrx_word' id='word_1_36' title='bbox 939 825 1023 899; x_wconf 83' lang='lat' dir='ltr'>arvis</span> 
     </span>
     <span class='ocr_line' id='line_1_7' title="bbox 188 944 898 1044; baseline -0.01 -22"><span class='ocrx_word' id='word_1_37' title='bbox 188 950 301 1023; x_wconf 85' lang='lat' dir='ltr'>Fortia</span> <span class='ocrx_word' id='word_1_38' title='bbox 319 966 487 1020; x_wconf 87' lang='lat' dir='ltr'>taurorum</span> <span class='ocrx_word' id='word_1_39' title='bbox 503 972 640 1044; x_wconf 90' lang='lat' dir='ltr'>corpora</span> <span class='ocrx_word' id='word_1_40' title='bbox 657 944 787 1037; x_wconf 79' lang='lat' dir='ltr'>frangat</span> <span class='ocrx_word' id='word_1_41' title='bbox 803 971 898 1044; x_wconf 91' lang='lat' dir='ltr'>opus.</span> 
     </span>
    </p>

    <p class='ocr_par' dir='ltr' id='par_1_6' title="bbox 143 1056 993 1254">
     <span class='ocr_line' id='line_1_8' title="bbox 143 1056 993 1163; baseline -0.011 -25"><span class='ocrx_word' id='word_1_42' title='bbox 143 1067 226 1163; x_wconf 72' lang='lat' dir='ltr'>Quas</span> <span class='ocrx_word' id='word_1_43' title='bbox 243 1090 412 1162; x_wconf 90' lang='lat' dir='ltr'>nunquam</span> <span class='ocrx_word' id='word_1_44' title='bbox 428 1087 531 1133; x_wconf 86' lang='lat' dir='ltr'>vacuo</span> <span class='ocrx_word' id='word_1_45' title='bbox 549 1058 646 1132; x_wconf 90' lang='lat' dir='ltr'>solita</span> <span class='ocrx_word' id='word_1_46' title='bbox 663 1076 713 1130; x_wconf 92' lang='lat' dir='ltr'>est</span> <span class='ocrx_word' id='word_1_47' title='bbox 727 1085 852 1132; x_wconf 90' lang='lat' dir='ltr'>cessare</span> <span class='ocrx_word' id='word_1_48' title='bbox 869 1056 993 1145; x_wconf 86' lang='lat' dir='ltr'>novali,</span> 
     </span>
     <span class='ocr_line' id='line_1_9' title="bbox 189 1174 945 1254; baseline -0.008 0"><span class='ocrx_word' id='word_1_49' title='bbox 189 1179 369 1254; x_wconf 83' lang='lat' dir='ltr'>Fructibus</span> <span class='ocrx_word' id='word_1_50' title='bbox 385 1176 532 1250; x_wconf 81' lang='lat' dir='ltr'>adsiduis</span> <span class='ocrx_word' id='word_1_51' title='bbox 546 1174 629 1249; x_wconf 85' lang='lat' dir='ltr'>lassa</span> <span class='ocrx_word' id='word_1_52' title='bbox 647 1175 785 1248; x_wconf 83' lang='lat' dir='ltr'><strong>senescit</strong></span> <span class='ocrx_word' id='word_1_53' title='bbox 801 1174 945 1248; x_wconf 90' lang='lat' dir='ltr'>humus:</span> 
     </span>
    </p>

    <p class='ocr_par' dir='ltr' id='par_1_7' title="bbox 146 1291 941 1505">
     <span class='ocr_line' id='line_1_10' title="bbox 146 1291 941 1391; baseline -0.009 -20"><span class='ocrx_word' id='word_1_54' title='bbox 146 1297 302 1380; x_wconf 83' lang='lat' dir='ltr'>Occidet,</span> <span class='ocrx_word' id='word_1_55' title='bbox 321 1294 362 1366; x_wconf 92' lang='lat' dir='ltr'>ad</span> <span class='ocrx_word' id='word_1_56' title='bbox 379 1293 465 1366; x_wconf 86' lang='lat' dir='ltr'>Circi</span> <span class='ocrx_word' id='word_1_57' title='bbox 484 1293 512 1365; x_wconf 90' lang='lat' dir='ltr'>si</span> <span class='ocrx_word' id='word_1_58' title='bbox 530 1291 604 1391; x_wconf 90' lang='lat' dir='ltr'>quis</span> <span class='ocrx_word' id='word_1_59' title='bbox 621 1291 794 1364; x_wconf 86' lang='lat' dir='ltr'>certamina</span> <span class='ocrx_word' id='word_1_60' title='bbox 812 1318 941 1391; x_wconf 87' lang='lat' dir='ltr'>semper</span> 
     </span>
     <span class='ocr_line' id='line_1_11' title="bbox 188 1405 870 1505; baseline -0.007 -21"><span class='ocrx_word' id='word_1_61' title='bbox 188 1414 266 1484; x_wconf 87' lang='lat' dir='ltr'>Non</span> <span class='ocrx_word' id='word_1_62' title='bbox 282 1410 478 1483; x_wconf 82' lang='lat' dir='ltr'>intermissis</span> <span class='ocrx_word' id='word_1_63' title='bbox 492 1405 645 1482; x_wconf 87' lang='lat' dir='ltr'>cursibus</span> <span class='ocrx_word' id='word_1_64' title='bbox 661 1405 724 1478; x_wconf 84' lang='lat' dir='ltr'>ibit</span> <span class='ocrx_word' id='word_1_65' title='bbox 743 1434 847 1505; x_wconf 87' lang='lat' dir='ltr'>equus</span> <span class='ocrx_word' id='word_1_66' title='bbox 863 1436 870 1478; x_wconf 95' lang='lat'><strong>:</strong></span> 
     </span>
    </p>

    <p class='ocr_par' dir='ltr' id='par_1_8' title="bbox 145 1519 980 1742">
     <span class='ocr_line' id='line_1_12' title="bbox 145 1519 980 1620; baseline -0.007 -22"><span class='ocrx_word' id='word_1_67' title='bbox 145 1526 249 1606; x_wconf 63' lang='lat' dir='ltr'>l&#39;uma</span> <span class='ocrx_word' id='word_1_68' title='bbox 267 1525 311 1598; x_wconf 86' lang='lat' dir='ltr'>sit</span> <span class='ocrx_word' id='word_1_69' title='bbox 328 1523 383 1597; x_wconf 92' lang='lat' dir='ltr'>illa</span> <span class='ocrx_word' id='word_1_70' title='bbox 400 1522 496 1611; x_wconf 88' lang='lat' dir='ltr'>licet,</span> <span class='ocrx_word' id='word_1_71' title='bbox 514 1519 660 1594; x_wconf 82' lang='lat' dir='ltr'>solvetur</span> <span class='ocrx_word' id='word_1_72' title='bbox 675 1520 709 1590; x_wconf 92' lang='lat' dir='ltr'>in</span> <span class='ocrx_word' id='word_1_73' title='bbox 726 1548 856 1620; x_wconf 83' lang='lat' dir='ltr'>aequore</span> <span class='ocrx_word' id='word_1_74' title='bbox 874 1521 980 1607; x_wconf 86' lang='lat' dir='ltr'>navis,</span> 
     </span>
     <span class='ocr_line' id='line_1_13' title="bbox 190 1637 976 1742; baseline -0.006 -26"><span class='ocrx_word' id='word_1_75' title='bbox 190 1645 275 1740; x_wconf 83' lang='lat' dir='ltr'>Quae</span> <span class='ocrx_word' id='word_1_76' title='bbox 291 1671 461 1742; x_wconf 89' lang='lat' dir='ltr'>nunquam</span> <span class='ocrx_word' id='word_1_77' title='bbox 478 1639 614 1740; x_wconf 82' lang='lat' dir='ltr'>liquidis</span> <span class='ocrx_word' id='word_1_78' title='bbox 633 1637 716 1711; x_wconf 90' lang='lat' dir='ltr'>sicca</span> <span class='ocrx_word' id='word_1_79' title='bbox 734 1638 855 1711; x_wconf 80' lang='lat' dir='ltr'>carebit</span> <span class='ocrx_word' id='word_1_80' title='bbox 871 1639 976 1738; x_wconf 87' lang='lat' dir='ltr'>aquis.</span> 
     </span>
    </p>

    <p class='ocr_par' dir='ltr' id='par_1_9' title="bbox 146 1753 997 1969">
     <span class='ocr_line' id='line_1_14' title="bbox 146 1753 997 1857; baseline -0.004 -27"><span class='ocrx_word' id='word_1_81' title='bbox 146 1758 201 1832; x_wconf 85' lang='lat' dir='ltr'>Me</span> <span class='ocrx_word' id='word_1_82' title='bbox 220 1783 352 1857; x_wconf 91' lang='lat' dir='ltr'>quoque</span> <span class='ocrx_word' id='word_1_83' title='bbox 369 1755 518 1829; x_wconf 87' lang='lat' dir='ltr'>debilitat</span> <span class='ocrx_word' id='word_1_84' title='bbox 533 1755 632 1828; x_wconf 89' lang='lat' dir='ltr'>series</span> <span class='ocrx_word' id='word_1_85' title='bbox 648 1754 803 1827; x_wconf 90' lang='lat' dir='ltr'>immensa</span> <span class='ocrx_word' id='word_1_86' title='bbox 819 1753 997 1843; x_wconf 87' lang='lat' dir='ltr'>malorum,</span> 
     </span>
     <span class='ocr_line' id='line_1_15' title="bbox 196 1866 929 1969; baseline -0.001 -27"><span class='ocrx_word' id='word_1_87' title='bbox 196 1873 284 1942; x_wconf 85' lang='lat' dir='ltr'>Ante</span> <span class='ocrx_word' id='word_1_88' title='bbox 301 1897 408 1942; x_wconf 89' lang='lat' dir='ltr'>meum</span> <span class='ocrx_word' id='word_1_89' title='bbox 424 1888 553 1969; x_wconf 90' lang='lat' dir='ltr'>tempus</span> <span class='ocrx_word' id='word_1_90' title='bbox 570 1866 660 1965; x_wconf 79' lang='lat' dir='ltr'>cogit</span> <span class='ocrx_word' id='word_1_91' title='bbox 675 1885 708 1940; x_wconf 90' lang='lat' dir='ltr'>et</span> <span class='ocrx_word' id='word_1_92' title='bbox 721 1896 790 1942; x_wconf 89' lang='lat' dir='ltr'>esse</span> <span class='ocrx_word' id='word_1_93' title='bbox 809 1897 929 1943; x_wconf 87' lang='lat' dir='ltr'>senem.</span> 
     </span>
    </p>

    <p class='ocr_par' dir='ltr' id='par_1_10' title="bbox 149 1983 1057 2199">
     <span class='ocr_line' id='line_1_16' title="bbox 149 1983 1057 2085; baseline -0.003 -26"><span class='ocrx_word' id='word_1_94' title='bbox 149 1987 229 2059; x_wconf 88' lang='lat' dir='ltr'>Otia</span> <span class='ocrx_word' id='word_1_95' title='bbox 248 2013 369 2085; x_wconf 86' lang='lat' dir='ltr'>corpus</span> <span class='ocrx_word' id='word_1_96' title='bbox 385 1983 494 2070; x_wconf 70' lang='lat' dir='ltr'>alunt,</span> <span class='ocrx_word' id='word_1_97' title='bbox 511 1987 639 2059; x_wconf 90' lang='lat' dir='ltr'>animus</span> <span class='ocrx_word' id='word_1_98' title='bbox 659 2010 789 2085; x_wconf 89' lang='lat' dir='ltr'>quoque</span> <span class='ocrx_word' id='word_1_99' title='bbox 805 1985 953 2083; x_wconf 91' lang='lat' dir='ltr'>pascitur</span> <span class='ocrx_word' id='word_1_100' title='bbox 970 1983 1057 2058; x_wconf 92' lang='lat' dir='ltr'>illis:</span> 
     </span>
     <span class='ocr_line' id='line_1_17' title="bbox 195 2096 960 2199; baseline -0.005 -27"><span class='ocrx_word' id='word_1_101' title='bbox 195 2099 397 2172; x_wconf 89' lang='lat' dir='ltr'>Immodicus</span> <span class='ocrx_word' id='word_1_102' title='bbox 415 2115 526 2173; x_wconf 90' lang='lat' dir='ltr'>contra</span> <span class='ocrx_word' id='word_1_103' title='bbox 543 2099 647 2199; x_wconf 85' lang='lat' dir='ltr'>carpit</span> <span class='ocrx_word' id='word_1_104' title='bbox 662 2116 839 2197; x_wconf 87' lang='lat' dir='ltr'>utrumque</span> <span class='ocrx_word' id='word_1_105' title='bbox 855 2096 960 2170; x_wconf 86' lang='lat' dir='ltr'>labor.</span> 
     </span>
    </p>

    <p class='ocr_par' dir='ltr' id='par_1_11' title="bbox 148 2213 1101 2318">
     <span class='ocr_line' id='line_1_18' title="bbox 148 2213 1101 2318; baseline -0.001 -30"><span class='ocrx_word' id='word_1_106' title='bbox 148 2218 304 2318; x_wconf 85' lang='lat' dir='ltr'>Adspice,</span> <span class='ocrx_word' id='word_1_107' title='bbox 324 2216 358 2288; x_wconf 91' lang='lat' dir='ltr'>in</span> <span class='ocrx_word' id='word_1_108' title='bbox 376 2216 435 2288; x_wconf 86' lang='lat' dir='ltr'>has</span> <span class='ocrx_word' id='word_1_109' title='bbox 454 2231 564 2315; x_wconf 86' lang='lat' dir='ltr'>partes</span> <span class='ocrx_word' id='word_1_110' title='bbox 581 2215 670 2315; x_wconf 89' lang='lat' dir='ltr'>quod</span> <span class='ocrx_word' id='word_1_111' title='bbox 685 2213 811 2288; x_wconf 83' lang='lat' dir='ltr'>venerit</span> <span class='ocrx_word' id='word_1_112' title='bbox 826 2214 949 2286; x_wconf 84' lang='lat' dir='ltr'>AEsone</span> <span class='ocrx_word' id='word_1_113' title='bbox 967 2220 1101 2301; x_wconf 75' lang='lat' dir='ltr'>uatus,‘</span> 
     </span>
    </p>
   </div>
   <div class='ocr_carea' id='block_1_3' title="bbox 146 2377 1206 2843">
    <p class='ocr_par' dir='ltr' id='par_1_12' title="bbox 149 2377 1204 2610">
     <span class='ocr_line' id='line_1_19' title="bbox 177 2377 1202 2453; baseline 0.001 -18"><span class='ocrx_word' id='word_1_114' title='bbox 177 2385 200 2436; x_wconf 82' lang='lat'>8.</span> <span class='ocrx_word' id='word_1_115' title='bbox 209 2384 391 2450; x_wconf 73' lang='lat' dir='ltr'>Coriiiruusqre</span> <span class='ocrx_word' id='word_1_116' title='bbox 397 2383 476 2433; x_wconf 83' lang='lat' dir='ltr'>labor.</span> <span class='ocrx_word' id='word_1_117' title='bbox 488 2379 523 2432; x_wconf 83' lang='lat' dir='ltr'>Et</span> <span class='ocrx_word' id='word_1_118' title='bbox 531 2377 651 2433; x_wconf 85' lang='lat' dir='ltr'>adsiduus</span> <span class='ocrx_word' id='word_1_119' title='bbox 736 2381 773 2431; x_wconf 80' lang='lat'>15.</span> <span class='ocrx_word' id='word_1_120' title='bbox 791 2380 839 2432; x_wconf 77' lang='lat' dir='ltr'>Ad</span> <span class='ocrx_word' id='word_1_121' title='bbox 847 2383 987 2451; x_wconf 58' lang='lat' dir='ltr'>certamin</span> <span class='ocrx_word' id='word_1_122' title='bbox 1000 2380 1075 2434; x_wconf 69' lang='lat' dir='ltr'>Circi.</span> <span class='ocrx_word' id='word_1_123' title='bbox 1090 2381 1132 2434; x_wconf 84' lang='lat' dir='ltr'>Ad</span> <span class='ocrx_word' id='word_1_124' title='bbox 1148 2403 1202 2453; x_wconf 87' lang='lat' dir='ltr'>pu-</span> 
     </span>
     <span class='ocr_line' id='line_1_20' title="bbox 149 2452 1203 2532; baseline 0.004 -21"><span class='ocrx_word' id='word_1_125' title='bbox 149 2476 176 2511; x_wconf 83' lang='lat' dir='ltr'>ac</span> <span class='ocrx_word' id='word_1_126' title='bbox 191 2459 355 2527; x_wconf 87' lang='lat' dir='ltr'>quotidianus</span> <span class='ocrx_word' id='word_1_127' title='bbox 369 2457 485 2528; x_wconf 87' lang='lat' dir='ltr'>corporis</span> <span class='ocrx_word' id='word_1_128' title='bbox 503 2455 648 2522; x_wconf 79' lang='lat' dir='ltr'>cruciatus,</span> <span class='ocrx_word' id='word_1_129' title='bbox 699 2456 911 2527; x_wconf 78' lang='lat' dir='ltr'>gnamludorurn</span> <span class='ocrx_word' id='word_1_130' title='bbox 918 2452 1097 2527; x_wconf 80' lang='lat' dir='ltr'>Circensium,</span> <span class='ocrx_word' id='word_1_131' title='bbox 1112 2461 1137 2514; x_wconf 89' lang='lat' dir='ltr'>in</span> <span class='ocrx_word' id='word_1_132' title='bbox 1147 2463 1203 2532; x_wconf 91' lang='lat' dir='ltr'>qui·</span> 
     </span>
     <span class='ocr_line' id='line_1_21' title="bbox 149 2526 1204 2610; baseline 0.006 -22"><span class='ocrx_word' id='word_1_133' title='bbox 149 2535 327 2590; x_wconf 76' lang='lat' dir='ltr'>sollicitudines</span> <span class='ocrx_word' id='word_1_134' title='bbox 337 2576 344 2603; x_wconf 92' lang='lat'>,</span> <span class='ocrx_word' id='word_1_135' title='bbox 359 2555 476 2607; x_wconf 77' lang='lat' dir='ltr'>angores.</span> <span class='ocrx_word' id='word_1_136' title='bbox 699 2535 747 2588; x_wconf 87' lang='lat' dir='ltr'>bus</span> <span class='ocrx_word' id='word_1_137' title='bbox 757 2526 896 2609; x_wconf 62' lang='lat' dir='ltr'>aliqffid&#39;u</span> <span class='ocrx_word' id='word_1_138' title='bbox 906 2544 933 2588; x_wconf 92' lang='lat' dir='ltr'>et</span> <span class='ocrx_word' id='word_1_139' title='bbox 943 2537 1017 2605; x_wconf 85' lang='lat' dir='ltr'>pueri</span> <span class='ocrx_word' id='word_1_140' title='bbox 1024 2538 1124 2594; x_wconf 84' lang='lat' dir='ltr'>nobiles</span> <span class='ocrx_word' id='word_1_141' title='bbox 1131 2541 1204 2610; x_wconf 91' lang='lat' dir='ltr'>equis</span> 
     </span>
    </p>

    <p class='ocr_par' dir='ltr' id='par_1_13' title="bbox 146 2613 1206 2843">
     <span class='ocr_line' id='line_1_22' title="bbox 179 2613 1206 2688; baseline 0.007 -21"><span class='ocrx_word' id='word_1_142' title='bbox 179 2616 280 2688; x_wconf 70' lang='lat' dir='ltr'>pilula</span> <span class='ocrx_word' id='word_1_143' title='bbox 288 2616 650 2686; x_wconf 53' lang='lat' dir='ltr'>dammuliuun&#39;ioe·</span> <span class='ocrx_word' id='word_1_144' title='bbox 698 2613 829 2670; x_wconf 76' lang='lat' dir='ltr'>ludicrum</span> <span class='ocrx_word' id='word_1_145' title='bbox 837 2615 926 2683; x_wconf 71' lang='lat' dir='ltr'>Troice</span> <span class='ocrx_word' id='word_1_146' title='bbox 935 2616 1000 2671; x_wconf 90' lang='lat' dir='ltr'>inire</span> <span class='ocrx_word' id='word_1_147' title='bbox 1012 2619 1143 2688; x_wconf 83' lang='lat' dir='ltr'>solebant,</span> <span class='ocrx_word' id='word_1_148' title='bbox 1157 2641 1206 2674; x_wconf 85' lang='lat' dir='ltr'>au-</span> 
     </span>
     <span class='ocr_line' id='line_1_23' title="bbox 148 2691 1205 2763; baseline 0.003 -13"><span class='ocrx_word' id='word_1_149' title='bbox 148 2708 190 2749; x_wconf 64' lang='lat' dir='ltr'>m</span> <span class='ocrx_word' id='word_1_150' title='bbox 205 2694 275 2758; x_wconf 66' lang='lat' dir='ltr'>duos</span> <span class='ocrx_word' id='word_1_151' title='bbox 292 2693 364 2763; x_wconf 85' lang='lat' dir='ltr'>quod</span> <span class='ocrx_word' id='word_1_152' title='bbox 384 2713 439 2747; x_wconf 88' lang='lat' dir='ltr'>nou</span> <span class='ocrx_word' id='word_1_153' title='bbox 455 2693 649 2758; x_wconf 82' lang='lat' dir='ltr'>spernendum:</span> <span class='ocrx_word' id='word_1_154' title='bbox 697 2691 1205 2753; x_wconf 72' lang='lat' dir='ltr'>ctoreConTacituMun—Ceriamr‘sra.</span> 
     </span>
     <span class='ocr_line' id='line_1_24' title="bbox 146 2764 1204 2843; baseline 0.008 -19"><span class='ocrx_word' id='word_1_155' title='bbox 146 2771 426 2826; x_wconf 75' lang='lat' dir='ltr'>iucrneuimverbum</span> <span class='ocrx_word' id='word_1_156' title='bbox 437 2768 614 2836; x_wconf 77' lang='lat' dir='ltr'>arithmeticae,</span> <span class='ocrx_word' id='word_1_157' title='bbox 622 2778 650 2821; x_wconf 86' lang='lat' dir='ltr'>et</span> <span class='ocrx_word' id='word_1_158' title='bbox 691 2764 730 2824; x_wconf 61' lang='lat' dir='ltr'>&#39;ln</span> <span class='ocrx_word' id='word_1_159' title='bbox 745 2790 841 2840; x_wconf 78' lang='lat' dir='ltr'>genere</span> <span class='ocrx_word' id='word_1_160' title='bbox 858 2771 890 2824; x_wconf 88' lang='lat' dir='ltr'>de</span> <span class='ocrx_word' id='word_1_161' title='bbox 905 2773 1027 2826; x_wconf 86' lang='lat' dir='ltr'>omnibus</span> <span class='ocrx_word' id='word_1_162' title='bbox 1042 2777 1204 2843; x_wconf 81' lang='lat' dir='ltr'>equestribus</span> 
     </span>
    </p>
   </div>
   <div class='ocr_carea' id='block_1_4' title="bbox 148 2848 1295 2917">
    <p class='ocr_par' dir='ltr' id='par_1_14' title="bbox 148 2848 1295 2917">
     <span class='ocr_line' id='line_1_25' title="bbox 148 2848 1295 2917; baseline 0.004 -14"><span class='ocrx_word' id='word_1_163' title='bbox 148 2848 651 2917; x_wconf 69' lang='lat' dir='ltr'>nrioeiniopropriumessedoeuisGw</span> <span class='ocrx_word' id='word_1_164' title='bbox 698 2850 904 2914; x_wconf 84' lang='lat' dir='ltr'>certaminibus,</span> <span class='ocrx_word' id='word_1_165' title='bbox 927 2868 984 2917; x_wconf 68' lang='lat' dir='ltr'>que</span> <span class='ocrx_word' id='word_1_166' title='bbox 1002 2851 1028 2902; x_wconf 91' lang='lat' dir='ltr'>in</span> <span class='ocrx_word' id='word_1_167' title='bbox 1051 2851 1129 2906; x_wconf 86' lang='lat' dir='ltr'>Circo</span> <span class='ocrx_word' id='word_1_168' title='bbox 1146 2853 1203 2908; x_wconf 85' lang='lat' dir='ltr'>lieri</span> <span class='ocrx_word' id='word_1_169' title='bbox 1290 2886 1295 2900; x_wconf 67' lang='grc' dir='ltr'><em>ι</em></span> 
     </span>
    </p>
   </div>
   <div class='ocr_carea' id='block_1_5' title="bbox 149 2925 1218 3549">
    <p class='ocr_par' dir='ltr' id='par_1_15' title="bbox 149 2925 1218 3073">
     <span class='ocr_line' id='line_1_26' title="bbox 149 2925 1218 2995; baseline 0.006 -15"><span class='ocrx_word' id='word_1_170' title='bbox 149 2928 261 2993; x_wconf 81' lang='lat' dir='ltr'>novius,</span> <span class='ocrx_word' id='word_1_171' title='bbox 283 2926 393 2979; x_wconf 82' lang='lat' dir='ltr'>Observ.</span> <span class='ocrx_word' id='word_1_172' title='bbox 409 2928 451 2991; x_wconf 88' lang='lat' dir='ltr'>lt,</span> <span class='ocrx_word' id='word_1_173' title='bbox 468 2944 506 2977; x_wconf 90' lang='lat' dir='ltr'>ro.</span> <span class='ocrx_word' id='word_1_174' title='bbox 524 2926 596 2980; x_wconf 90' lang='lat' dir='ltr'>Nihil</span> <span class='ocrx_word' id='word_1_175' title='bbox 610 2936 651 2978; x_wconf 83' lang='lat' dir='ltr'>ta·</span> <span class='ocrx_word' id='word_1_176' title='bbox 698 2927 831 2990; x_wconf 88' lang='lat' dir='ltr'>solebant,</span> <span class='ocrx_word' id='word_1_177' title='bbox 844 2925 1050 2995; x_wconf 75' lang='lat' dir='ltr'>intelligendum.</span> <span class='ocrx_word' id='word_1_178' title='bbox 1063 2929 1163 2982; x_wconf 77' lang='lat' dir='ltr'>Mrcrt.</span> <span class='ocrx_word' id='word_1_179' title='bbox 1216 2983 1218 2986; x_wconf 79' lang='grc'>,</span> 
     </span>
     <span class='ocr_line' id='line_1_27' title="bbox 149 3005 1205 3073; baseline 0.007 -17"><span class='ocrx_word' id='word_1_180' title='bbox 149 3024 212 3058; x_wconf 86' lang='lat' dir='ltr'>rnen</span> <span class='ocrx_word' id='word_1_181' title='bbox 225 3014 324 3055; x_wconf 86' lang='lat' dir='ltr'>temere</span> <span class='ocrx_word' id='word_1_182' title='bbox 336 3014 444 3056; x_wconf 86' lang='lat' dir='ltr'>rnutern.</span> <span class='ocrx_word' id='word_1_183' title='bbox 457 3005 553 3055; x_wconf 68' lang='grc' dir='ltr'>ΒΜ.</span> <span class='ocrx_word' id='word_1_184' title='bbox 737 3006 773 3056; x_wconf 84' lang='lat'>18.</span> <span class='ocrx_word' id='word_1_185' title='bbox 788 3008 848 3070; x_wconf 78' lang='lat' dir='ltr'>Qua</span> <span class='ocrx_word' id='word_1_186' title='bbox 856 3023 979 3071; x_wconf 80' lang='lat' dir='ltr'>nunquam</span> <span class='ocrx_word' id='word_1_187' title='bbox 988 3008 1098 3073; x_wconf 78' lang='lat' dir='ltr'>liquidis.</span> <span class='ocrx_word' id='word_1_188' title='bbox 1106 3008 1153 3060; x_wconf 87' lang='lat' dir='ltr'>Est</span> <span class='ocrx_word' id='word_1_189' title='bbox 1161 3029 1205 3063; x_wconf 85' lang='lat' dir='ltr'>an·</span> 
     </span>
    </p>

    <p class='ocr_par' dir='ltr' id='par_1_16' title="bbox 151 3079 1209 3549">
     <span class='ocr_line' id='line_1_28' title="bbox 187 3079 1206 3154; baseline 0.008 -23"><span class='ocrx_word' id='word_1_190' title='bbox 187 3100 224 3133; x_wconf 84' lang='lat' dir='ltr'>ro.</span> <span class='ocrx_word' id='word_1_191' title='bbox 234 3082 308 3150; x_wconf 77' lang='lat' dir='ltr'>Pylio</span> <span class='ocrx_word' id='word_1_192' title='bbox 322 3083 429 3132; x_wconf 78' lang='lat' dir='ltr'>Nestore.</span> <span class='ocrx_word' id='word_1_193' title='bbox 436 3081 532 3133; x_wconf 82' lang='lat' dir='ltr'>Nestor</span> <span class='ocrx_word' id='word_1_194' title='bbox 539 3099 569 3131; x_wconf 84' lang='lat' dir='ltr'>ex</span> <span class='ocrx_word' id='word_1_195' title='bbox 576 3079 650 3151; x_wconf 80' lang='lat' dir='ltr'>Pylo,</span> <span class='ocrx_word' id='word_1_196' title='bbox 701 3091 754 3134; x_wconf 80' lang='lat' dir='ltr'>tem</span> <span class='ocrx_word' id='word_1_197' title='bbox 761 3080 1064 3135; x_wconf 79' lang='lat' dir='ltr'>ordoverborurnznuvis</span> <span class='ocrx_word' id='word_1_198' title='bbox 1070 3082 1206 3154; x_wconf 88' lang='lat' dir='ltr'>illa,quan·</span> 
     </span>
     <span class='ocr_line' id='line_1_29' title="bbox 152 3156 1204 3236; baseline 0.008 -26"><span class='ocrx_word' id='word_1_199' title='bbox 152 3158 215 3210; x_wconf 87' lang='lat' dir='ltr'>urbe</span> <span class='ocrx_word' id='word_1_200' title='bbox 230 3158 354 3210; x_wconf 68' lang='lat' dir='ltr'>Laconia.</span> <span class='ocrx_word' id='word_1_201' title='bbox 364 3159 460 3210; x_wconf 84' lang='lat' dir='ltr'>Nestor</span> <span class='ocrx_word' id='word_1_202' title='bbox 471 3166 559 3209; x_wconf 85' lang='lat' dir='ltr'>autem</span> <span class='ocrx_word' id='word_1_203' title='bbox 568 3176 581 3208; x_wconf 89' lang='lat' dir='ltr'>a</span> <span class='ocrx_word' id='word_1_204' title='bbox 590 3175 653 3226; x_wconf 87' lang='lat' dir='ltr'>poe·</span> <span class='ocrx_word' id='word_1_205' title='bbox 702 3158 796 3211; x_wconf 84' lang='lat' dir='ltr'>tumvis</span> <span class='ocrx_word' id='word_1_206' title='bbox 809 3157 886 3209; x_wconf 82' lang='lat' dir='ltr'>firma</span> <span class='ocrx_word' id='word_1_207' title='bbox 894 3196 902 3222; x_wconf 91' lang='lat'>,</span> <span class='ocrx_word' id='word_1_208' title='bbox 915 3156 1030 3233; x_wconf 76' lang='lat' dir='ltr'>solvetur</span> <span class='ocrx_word' id='word_1_209' title='bbox 1045 3161 1070 3212; x_wconf 93' lang='lat' dir='ltr'>in</span> <span class='ocrx_word' id='word_1_210' title='bbox 1086 3181 1204 3236; x_wconf 67' lang='lat' dir='ltr'>aequore,</span> 
     </span>
     <span class='ocr_line' id='line_1_30' title="bbox 151 3235 1206 3307; baseline 0.007 -18"><span class='ocrx_word' id='word_1_211' title='bbox 151 3237 183 3289; x_wconf 86' lang='lat' dir='ltr'>tis</span> <span class='ocrx_word' id='word_1_212' title='bbox 193 3237 297 3289; x_wconf 82' lang='lat' dir='ltr'>tertiam</span> <span class='ocrx_word' id='word_1_213' title='bbox 307 3236 445 3288; x_wconf 87' lang='lat' dir='ltr'>bominum</span> <span class='ocrx_word' id='word_1_214' title='bbox 454 3245 557 3288; x_wconf 75' lang='lat' dir='ltr'>estatem</span> <span class='ocrx_word' id='word_1_215' title='bbox 566 3235 653 3289; x_wconf 79' lang='lat' dir='ltr'>vixisse</span> <span class='ocrx_word' id='word_1_216' title='bbox 702 3254 760 3304; x_wconf 78' lang='lat' dir='ltr'>quas</span> <span class='ocrx_word' id='word_1_217' title='bbox 775 3253 911 3303; x_wconf 88' lang='lat' dir='ltr'>nunquam</span> <span class='ocrx_word' id='word_1_218' title='bbox 925 3236 1022 3289; x_wconf 82' lang='lat' dir='ltr'>carebit</span> <span class='ocrx_word' id='word_1_219' title='bbox 1038 3241 1125 3307; x_wconf 83' lang='lat' dir='ltr'>aquis,</span> <span class='ocrx_word' id='word_1_220' title='bbox 1141 3243 1206 3300; x_wconf 78' lang='lat' dir='ltr'>sicea</span> 
     </span>
     <span class='ocr_line' id='line_1_31' title="bbox 151 3313 1206 3383; baseline 0.012 -18"><span class='ocrx_word' id='word_1_221' title='bbox 151 3313 257 3379; x_wconf 80' lang='lat' dir='ltr'>serem,</span> <span class='ocrx_word' id='word_1_222' title='bbox 275 3313 302 3365; x_wconf 91' lang='lat' dir='ltr'>id</span> <span class='ocrx_word' id='word_1_223' title='bbox 321 3322 377 3378; x_wconf 85' lang='lat' dir='ltr'>est,</span> <span class='ocrx_word' id='word_1_224' title='bbox 397 3322 544 3366; x_wconf 87' lang='lat' dir='ltr'>tercentum</span> <span class='ocrx_word' id='word_1_225' title='bbox 564 3329 654 3363; x_wconf 84' lang='lat' dir='ltr'>annos.</span> <span class='ocrx_word' id='word_1_226' title='bbox 701 3314 771 3383; x_wconf 83' lang='lat' dir='ltr'>ipsa,</span> <span class='ocrx_word' id='word_1_227' title='bbox 785 3315 838 3368; x_wconf 82' lang='lat' dir='ltr'>sive</span> <span class='ocrx_word' id='word_1_228' title='bbox 851 3313 878 3364; x_wconf 85' lang='lat' dir='ltr'>in</span> <span class='ocrx_word' id='word_1_229' title='bbox 887 3314 953 3366; x_wconf 81' lang='lat' dir='ltr'>sieco</span> <span class='ocrx_word' id='word_1_230' title='bbox 962 3314 1091 3372; x_wconf 78' lang='lat' dir='ltr'>exsistens</span> <span class='ocrx_word' id='word_1_231' title='bbox 1104 3319 1206 3379; x_wconf 77' lang='lat' dir='ltr'>Mrcrr.</span> 
     </span>
     <span class='ocr_line' id='line_1_32' title="bbox 152 3391 1204 3465; baseline 0.002 -20"><span class='ocrx_word' id='word_1_232' title='bbox 152 3393 251 3446; x_wconf 82' lang='lat' dir='ltr'>Plinius</span> <span class='ocrx_word' id='word_1_233' title='bbox 263 3403 351 3445; x_wconf 88' lang='lat' dir='ltr'>tamen</span> <span class='ocrx_word' id='word_1_234' title='bbox 365 3391 407 3444; x_wconf 89' lang='lat' dir='ltr'>lib.</span> <span class='ocrx_word' id='word_1_235' title='bbox 424 3392 479 3444; x_wconf 91' lang='lat' dir='ltr'>Vll</span> <span class='ocrx_word' id='word_1_236' title='bbox 490 3391 579 3444; x_wconf 82' lang='lat' dir='ltr'>scribit</span> <span class='ocrx_word' id='word_1_237' title='bbox 593 3407 654 3442; x_wconf 85' lang='lat' dir='ltr'>eum</span> <span class='ocrx_word' id='word_1_238' title='bbox 738 3394 1126 3465; x_wconf 78' lang='lat' dir='ltr'>19.Sen&#39;esimmensalabornm.</span> <span class='ocrx_word' id='word_1_239' title='bbox 1142 3404 1204 3457; x_wconf 73' lang='lat' dir='ltr'>Ma.</span> 
     </span>
     <span class='ocr_line' id='line_1_33' title="bbox 151 3468 1209 3549; baseline 0.008 -25"><span class='ocrx_word' id='word_1_240' title='bbox 151 3472 297 3540; x_wconf 84' lang='lat' dir='ltr'>pervenisse</span> <span class='ocrx_word' id='word_1_241' title='bbox 316 3471 348 3523; x_wconf 88' lang='lat' dir='ltr'>ad</span> <span class='ocrx_word' id='word_1_242' title='bbox 367 3491 399 3542; x_wconf 80' lang='lat'>99</span> <span class='ocrx_word' id='word_1_243' title='bbox 413 3489 512 3524; x_wconf 88' lang='lat' dir='ltr'>annum</span> <span class='ocrx_word' id='word_1_244' title='bbox 529 3468 655 3537; x_wconf 73' lang='lat' dir='ltr'>:triginta</span> <span class='ocrx_word' id='word_1_245' title='bbox 701 3472 779 3522; x_wconf 83' lang='lat' dir='ltr'>lorum</span> <span class='ocrx_word' id='word_1_246' title='bbox 791 3468 894 3523; x_wconf 78' lang='lat' dir='ltr'>Sarrae.</span> <span class='ocrx_word' id='word_1_247' title='bbox 912 3470 1020 3541; x_wconf 77' lang='lat' dir='ltr'>Argent.</span> <span class='ocrx_word' id='word_1_248' title='bbox 1033 3475 1169 3549; x_wconf 75' lang='lat' dir='ltr'>Scaligeri,</span> <span class='ocrx_word' id='word_1_249' title='bbox 1181 3495 1209 3538; x_wconf 84' lang='lat' dir='ltr'>et</span> 
     </span>
    </p>
   </div>
   <div class='ocr_carea' id='block_1_6' title="bbox 152 3545 1305 3623">
    <p class='ocr_par' dir='ltr' id='par_1_17' title="bbox 152 3545 1305 3623">
     <span class='ocr_line' id='line_1_34' title="bbox 152 3545 1305 3623; baseline -0.001 -24"><span class='ocrx_word' id='word_1_250' title='bbox 152 3551 268 3604; x_wconf 83' lang='lat' dir='ltr'>videlicet</span> <span class='ocrx_word' id='word_1_251' title='bbox 276 3550 365 3616; x_wconf 84' lang='lat' dir='ltr'>annis,</span> <span class='ocrx_word' id='word_1_252' title='bbox 375 3569 423 3618; x_wconf 89' lang='lat' dir='ltr'>pro</span> <span class='ocrx_word' id='word_1_253' title='bbox 435 3559 569 3603; x_wconf 69' lang='lat' dir='ltr'>unaaetate</span> <span class='ocrx_word' id='word_1_254' title='bbox 582 3565 656 3602; x_wconf 86' lang='lat' dir='ltr'>com·</span> <span class='ocrx_word' id='word_1_255' title='bbox 703 3545 756 3599; x_wconf 89' lang='lat' dir='ltr'>duo</span> <span class='ocrx_word' id='word_1_256' title='bbox 764 3547 805 3599; x_wconf 89' lang='lat' dir='ltr'>alii</span> <span class='ocrx_word' id='word_1_257' title='bbox 819 3562 824 3596; x_wconf 89' lang='lat'><strong>:</strong></span> <span class='ocrx_word' id='word_1_258' title='bbox 836 3548 863 3600; x_wconf 91' lang='lat' dir='ltr'>in</span> <span class='ocrx_word' id='word_1_259' title='bbox 875 3548 1020 3618; x_wconf 85' lang='lat' dir='ltr'>Tristibus,</span> <span class='ocrx_word' id='word_1_260' title='bbox 1030 3573 1043 3598; x_wconf 70' lang='lat' dir='ltr'>e</span> <span class='ocrx_word' id='word_1_261' title='bbox 1053 3555 1081 3608; x_wconf 73' lang='lat' dir='ltr'>Si</span> <span class='ocrx_word' id='word_1_262' title='bbox 1090 3559 1156 3613; x_wconf 63' lang='lat' dir='ltr'>sami</span> <span class='ocrx_word' id='word_1_263' title='bbox 1165 3582 1209 3617; x_wconf 55' lang='lat' dir='ltr'>st.</span> <span class='ocrx_word' id='word_1_264' title='bbox 1301 3617 1305 3623; x_wconf 27' lang='grc' dir='ltr'>Ι</span> 
     </span>
    </p>
   </div>
   <div class='ocr_carea' id='block_1_7' title="bbox 153 3624 1209 4163">
    <p class='ocr_par' dir='ltr' id='par_1_18' title="bbox 153 3624 1209 4163">
     <span class='ocr_line' id='line_1_35' title="bbox 153 3624 1077 3691; baseline 0.008 -14"><span class='ocrx_word' id='word_1_265' title='bbox 153 3628 253 3691; x_wconf 82' lang='lat' dir='ltr'>putatis.</span> <span class='ocrx_word' id='word_1_266' title='bbox 703 3624 753 3676; x_wconf 88' lang='lat' dir='ltr'>ries</span> <span class='ocrx_word' id='word_1_267' title='bbox 763 3625 795 3677; x_wconf 87' lang='lat' dir='ltr'>sit</span> <span class='ocrx_word' id='word_1_268' title='bbox 809 3624 854 3678; x_wconf 90' lang='lat' dir='ltr'>tibi</span> <span class='ocrx_word' id='word_1_269' title='bbox 867 3638 928 3680; x_wconf 85' lang='lat' dir='ltr'>nota</span> <span class='ocrx_word' id='word_1_270' title='bbox 938 3629 1006 3680; x_wconf 87' lang='lat' dir='ltr'>mali.</span> <span class='ocrx_word' id='word_1_271' title='bbox 1017 3651 1030 3675; x_wconf 84' lang='lat'><strong>»</strong></span> <span class='ocrx_word' id='word_1_272' title='bbox 1043 3631 1077 3687; x_wconf 86' lang='lat' dir='ltr'>H.</span> 
     </span>
     <span class='ocr_line' id='line_1_36' title="bbox 191 3702 1209 3780; baseline 0.006 -24"><span class='ocrx_word' id='word_1_273' title='bbox 191 3724 226 3754; x_wconf 71' lang='grc' dir='ltr'>ιι.</span> <span class='ocrx_word' id='word_1_274' title='bbox 238 3709 314 3771; x_wconf 80' lang='lat' dir='ltr'>Opus.</span> <span class='ocrx_word' id='word_1_275' title='bbox 329 3708 400 3759; x_wconf 73' lang='lat' dir='ltr'>Onus</span> <span class='ocrx_word' id='word_1_276' title='bbox 412 3714 523 3773; x_wconf 84' lang='lat' dir='ltr'>quatuor</span> <span class='ocrx_word' id='word_1_277' title='bbox 534 3702 599 3756; x_wconf 89' lang='lat' dir='ltr'>libri.</span> <span class='ocrx_word' id='word_1_278' title='bbox 737 3721 776 3752; x_wconf 70' lang='grc' dir='ltr'>αι.</span> <span class='ocrx_word' id='word_1_279' title='bbox 792 3703 860 3756; x_wconf 81' lang='lat' dir='ltr'>Oiiae.</span> <span class='ocrx_word' id='word_1_280' title='bbox 875 3704 1001 3772; x_wconf 87' lang='lat' dir='ltr'>Quietem</span> <span class='ocrx_word' id='word_1_281' title='bbox 1015 3717 1042 3759; x_wconf 88' lang='lat' dir='ltr'>et</span> <span class='ocrx_word' id='word_1_282' title='bbox 1058 3710 1209 3780; x_wconf 77' lang='lat' dir='ltr'>tranquilli-</span> 
     </span>
     <span class='ocr_line' id='line_1_37' title="bbox 191 3781 1209 3856; baseline 0.008 -26"><span class='ocrx_word' id='word_1_283' title='bbox 191 3781 228 3831; x_wconf 80' lang='lat'>13.</span> <span class='ocrx_word' id='word_1_284' title='bbox 249 3786 334 3837; x_wconf 85' lang='lat' dir='ltr'>Vacuo</span> <span class='ocrx_word' id='word_1_285' title='bbox 347 3787 436 3837; x_wconf 68' lang='lat' dir='ltr'>novali.</span> <span class='ocrx_word' id='word_1_286' title='bbox 457 3782 529 3850; x_wconf 72' lang='lat' dir='ltr'>Agre</span> <span class='ocrx_word' id='word_1_287' title='bbox 542 3781 599 3836; x_wconf 90' lang='lat' dir='ltr'>sine</span> <span class='ocrx_word' id='word_1_288' title='bbox 612 3801 655 3836; x_wconf 83' lang='lat' dir='ltr'>se·</span> <span class='ocrx_word' id='word_1_289' title='bbox 705 3788 786 3832; x_wconf 89' lang='lat' dir='ltr'>tatem</span> <span class='ocrx_word' id='word_1_290' title='bbox 807 3783 902 3836; x_wconf 86' lang='lat' dir='ltr'>mentis</span> <span class='ocrx_word' id='word_1_291' title='bbox 923 3782 1058 3854; x_wconf 76' lang='lat' dir='ltr'>intellige:</span> <span class='ocrx_word' id='word_1_292' title='bbox 1075 3789 1115 3841; x_wconf 85' lang='lat' dir='ltr'>vel</span> <span class='ocrx_word' id='word_1_293' title='bbox 1137 3787 1209 3856; x_wconf 88' lang='lat' dir='ltr'>quies</span> 
     </span>
     <span class='ocr_line' id='line_1_38' title="bbox 155 3858 1163 3928; baseline 0.005 -19"><span class='ocrx_word' id='word_1_294' title='bbox 155 3858 236 3910; x_wconf 89' lang='lat' dir='ltr'>mine.</span> <span class='ocrx_word' id='word_1_295' title='bbox 705 3867 839 3910; x_wconf 81' lang='lat' dir='ltr'>conservat</span> <span class='ocrx_word' id='word_1_296' title='bbox 851 3860 966 3928; x_wconf 87' lang='lat' dir='ltr'>corporis</span> <span class='ocrx_word' id='word_1_297' title='bbox 980 3861 1163 3916; x_wconf 84' lang='lat' dir='ltr'>valetudinem.</span> 
     </span>
     <span class='ocr_line' id='line_1_39' title="bbox 198 3935 1206 4004; baseline 0 -18"><span class='ocrx_word' id='word_1_298' title='bbox 198 3938 235 4001; x_wconf 69' lang='lat'>¹4·</span> <span class='ocrx_word' id='word_1_299' title='bbox 255 3935 384 3986; x_wconf 81' lang='lat' dir='ltr'>Frucir&#39;bus</span> <span class='ocrx_word' id='word_1_300' title='bbox 403 3939 525 3990; x_wconf 74' lang='lat' dir='ltr'>adstiiuis.</span> <span class='ocrx_word' id='word_1_301' title='bbox 547 3936 655 4004; x_wconf 82' lang='lat' dir='ltr'>Malim,</span> <span class='ocrx_word' id='word_1_302' title='bbox 738 3935 777 3986; x_wconf 78' lang='lat'>23.</span> <span class='ocrx_word' id='word_1_303' title='bbox 788 3936 855 4001; x_wconf 77' lang='lat' dir='ltr'>Quia</span> <span class='ocrx_word' id='word_1_304' title='bbox 862 3942 961 3992; x_wconf 73' lang='lat' dir='ltr'>venerei.</span> <span class='ocrx_word' id='word_1_305' title='bbox 973 3941 1048 4004; x_wconf 76' lang='lat' dir='ltr'>Quod</span> <span class='ocrx_word' id='word_1_306' title='bbox 1053 3943 1206 3992; x_wconf 81' lang='lat' dir='ltr'>veneriime·</span> 
     </span>
     <span class='ocr_line' id='line_1_40' title="bbox 155 4012 1206 4084; baseline 0.002 -17"><span class='ocrx_word' id='word_1_307' title='bbox 155 4017 289 4082; x_wconf 66' lang='lat' dir='ltr'>Frugibus.</span> <span class='ocrx_word' id='word_1_308' title='bbox 304 4030 363 4065; x_wconf 87' lang='lat' dir='ltr'>cum</span> <span class='ocrx_word' id='word_1_309' title='bbox 379 4012 528 4068; x_wconf 79' lang='lat' dir='ltr'>Twisdenio</span> <span class='ocrx_word' id='word_1_310' title='bbox 540 4024 565 4069; x_wconf 88' lang='lat' dir='ltr'>et</span> <span class='ocrx_word' id='word_1_311' title='bbox 578 4013 658 4069; x_wconf 82' lang='lat' dir='ltr'>altero</span> <span class='ocrx_word' id='word_1_312' title='bbox 705 4014 799 4068; x_wconf 87' lang='lat' dir='ltr'>liores:</span> <span class='ocrx_word' id='word_1_313' title='bbox 813 4016 931 4084; x_wconf 83' lang='lat' dir='ltr'>proximo</span> <span class='ocrx_word' id='word_1_314' title='bbox 942 4036 1018 4069; x_wconf 78' lang='lat' dir='ltr'>versu</span> <span class='ocrx_word' id='word_1_315' title='bbox 1033 4025 1058 4071; x_wconf 71' lang='grc' dir='ltr'>τὶ</span> <span class='ocrx_word' id='word_1_316' title='bbox 1072 4037 1089 4068; x_wconf 89' lang='lat' dir='ltr'>a</span> <span class='ocrx_word' id='word_1_317' title='bbox 1105 4014 1206 4069; x_wconf 75' lang='lat' dir='ltr'>Sarrav·</span> 
     </span>
     <span class='ocr_line' id='line_1_41' title="bbox 158 4091 1077 4163; baseline -0.004 -17"><span class='ocrx_word' id='word_1_318' title='bbox 158 4092 294 4146; x_wconf 85' lang='lat' dir='ltr'>Thuaneo.</span> <span class='ocrx_word' id='word_1_319' title='bbox 308 4091 408 4145; x_wconf 72' lang='lat' dir='ltr'>lintres.</span> <span class='ocrx_word' id='word_1_320' title='bbox 706 4091 783 4147; x_wconf 88' lang='lat' dir='ltr'>Polit.</span> <span class='ocrx_word' id='word_1_321' title='bbox 795 4095 888 4163; x_wconf 86' lang='lat' dir='ltr'>aliique</span> <span class='ocrx_word' id='word_1_322' title='bbox 898 4095 1031 4147; x_wconf 87' lang='lat' dir='ltr'>omittunt.</span> <span class='ocrx_word' id='word_1_323' title='bbox 1044 4093 1077 4143; x_wconf 85' lang='lat' dir='ltr'>H.</span> 
     </span>
    </p>
   </div>
   <div class='ocr_carea' id='block_1_8' title="bbox 0 0 1383 4702">
    <p class='ocr_par' dir='ltr' id='par_1_19' title="bbox 0 0 1383 4702">
     <span class='ocr_line' id='line_1_42' title="bbox 0 0 1383 4702; baseline 0 0"><span class='ocrx_word' id='word_1_324' title='bbox 0 0 1383 4702; x_wconf 95' lang='lat' dir='ltr'> </span> 
     </span>
    </p>
   </div>
  </div>
 </body>
</html>
