2722 4702
142 342 189 428 46
416 341 456 408 r.
490 342 936 417 ovrnrr-uasours

191 481 361 578 linguave
378 499 526 571 servata,
541 510 709 584 pennave,
729 483 813 558 dixit
829 486 920 562 avis:

144 598 331 695 Augurium
344 597 428 672 ratio
447 616 512 689 ert,
528 616 562 674 et
576 599 763 698 conjectura
779 600 903 691 suturi;

190 717 263 790 llac
280 714 439 813 divinavi,
457 716 678 818 notitiamque
696 716 769 793 tuli.

143 832 229 932 Quae
248 832 405 933 quoniam
422 848 492 907 rata
510 849 604 921 suut,
624 850 692 908 tota
709 833 792 909 mihi
808 853 917 910 mente
935 836 1064 939 tibique

195 947 368 1038 Gratulor,
384 948 555 1046 ingenium
571 976 639 1023 non
656 948 790 1026 latuisse
810 969 915 1027 tuum.

144 1065 192 1138 At
207 1081 360 1139 nostrum
378 1064 524 1140 tenebris
540 1064 667 1140 utinam
682 1065 832 1144 latuisset
847 1069 882 1142 iu
897 1068 990 1144 imis!
1176 1088 1209 1143 5⁵

191 1181 348 1283 Expediit
362 1181 476 1256 studio
493 1181 606 1257 lumen
621 1181 737 1258 abesse
751 1212 826 1260 meo
841 1214 850 1259 ε

143 1292 255 1398 thue
271 1297 335 1371 tibi
353 1315 497 1397 prosunt
509 1315 613 1386 artes,
627 1297 782 1390 facunde,
800 1329 932 1391 severa,

191 1413 381 1489 Dissimiles
397 1412 463 1488 illis
479 1413 527 1488 sic
543 1442 687 1489 nocuere
704 1416 796 1489 mihi.

144 1528 223 1602 Vita
241 1546 349 1602 umen
367 1524 429 1600 tibi
443 1543 523 1601 uota
539 1556 610 1602 mea
630 1546 680 1603 est
696 1558 705 1601 ε
720 1529 787 1604 scis
803 1527 930 1604 artibus
946 1529 1012 1605 illis

192 1640 351 1714 Auctoris
366 1668 475 1714 mores
492 1640 692 1715 abstinuisse
708 1641 780 1731 sui,
1176 1663 1212 1716 60

144 1756 216 1831 Scio
233 1775 327 1831 vetus
341 1755 406 1829 hoc
420 1755 531 1854 juveni
548 1755 658 1832 lusum
673 1756 756 1831 milri
771 1784 922 1845 carmen,
946 1775 980 1833 et
997 1758 1099 1849 istos,

193 1875 243 1946 Ut
258 1900 328 1946 non
345 1871 551 1963 laudandos,
569 1873 618 1946 sic
636 1888 746 1949 tamen
763 1901 833 1950 esse
848 1875 953 1973 jocos.

144 1985 255 2083 Ergo,
272 2003 312 2060 ut
327 1985 459 2061 delendi
474 1985 569 2061 nullo
585 2015 657 2062 mea
670 2016 770 2092 posse
786 1987 915 2077 colore,

195 2105 250 2179 Sic
266 2103 415 2180 excusari
431 2103 565 2178 crimina
580 2132 679 2205 posse
695 2123 788 2207 puto.

147 2220 226 2320 Qua
243 2240 361 2324 potes,
379 2247 517 2309 excusa;
535 2247 596 2294 nec
613 2221 709 2295 amici
724 2222 835 2306 desere
846 2245 998 2305 causam:
1177 2237 1212 2293 ot

177 2391 218 2443 So.
230 2388 367 2459 lineare
385 2390 439 2444 Per
454 2388 571 2458 linguam
583 2386 654 2450 avis,
704 2386 818 2441 amandi
839 2381 941 2437 Eodem
964 2378 1045 2435 modo
1062 2395 1164 2438 excusat
1182 2405 1211 2440 se

143 2466 259 2537 intellige
277 2466 393 2533 oscines,
406 2467 434 2521 id
450 2476 507 2533 est,
526 2484 585 2518 aves
597 2482 655 2532 que
703 2463 746 2516 tiu
760 2464 804 2527 ll,
821 2459 853 2514 ad
869 2460 1041 2529 Augustum,
1059 2480 1123 2515 vers.
1140 2464 1210 2518 353:

144 2563 207 2599 voce
223 2546 362 2614 augurium
368 2532 483 2605 laeiun13
494 2559 655 2610 perpennam
704 2564 717 2588 «
731 2540 818 2595 Crede
832 2537 896 2592 mihi
905 2577 912 2606 ,
922 2537 1017 2592 dietant
1028 2557 1115 2595 mores
1127 2561 1140 2593 a
1152 2561 1213 2595 ear·-

146 2633 235 2676 autem
242 2619 492 2694 designatprqrtes,
502 2636 560 2688 quae
568 2617 655 2672 volatu
702 2619 775 2674 mine
790 2628 899 2682 noatr03
914 2617 974 2671 Vita
991 2617 1140 2673 verecunda
1153 2631 1209 2689 eet,

146 2698 244 2752 dabant
256 2696 371 2769 auguria.
383 2695 463 2750 Μιι
702 2714 780 2759 m
795 2697 882 2766 iounu
891 2710 952 2751 nm
963 2705 1011 2751 ent.
1025 2717 1040 2744 υ
1055 2694 1099 2750 Sic
1110 2706 1137 2750 et
1152 2694 1212 2751 Ca-

179 2780 220 2832 53.
234 2782 295 2846 Quo
306 2782 424 2847 quorem
434 2794 495 2830 wa
508 2783 555 2831 est.
572 2776 657 2833 Ptim.
702 2774 782 2833 lullus
790 2774 821 2828 ad
832 2771 921 2829 Aurel.
934 2791 1007 2841 xvu,
1022 2778 1054 2829 5:
1067 2798 1078 2819 u
1091 2776 1158 2828 Nam
1167 2797 1213 2830 oa·

147 2851 657 2927 Polit.prim.VaticprimPaletllot·
703 2852 1211 2922 atumessedecetpiumpoetamlpsum,

147 2930 287 3004 tendorplr.
299 2940 357 2985 rata
366 2941 423 2997 est,
435 2931 463 2985 iu
476 2933 595 2988 Vatican.
609 2951 657 3004 pro
705 2933 843 2988 versiculos
852 2933 916 2987 nilril
928 2952 1031 2986 necesse
1044 2944 1089 2987 est.
1105 2955 1119 2980 υ

144 3025 187 3069 est
195 3025 252 3068 erat
262 3010 433 3069 emendatum
443 3022 504 3068 sua!
514 3034 521 3067 .·
533 3034 609 3077 vere;
619 3014 657 3068 al-
739 3011 779 3066 65.
798 3015 943 3079 Quapotes,
954 3029 1056 3064 excusa.
1070 3010 1150 3065 Multi
1165 3032 1213 3065 ve·

146 3090 658 3161 terPalatinusratase'rr15eupraElegia
706 3099 775 3143 teres
786 3089 1213 3156 Quampotes;malimetiamamr'·

147 3171 253 3240 prima,
276 3172 383 3239 Quoque
401 3178 491 3231 vovet,
509 3180 568 3223 rata
585 3174 657 3233 sim
705 3186 955 3237 concursumquam
962 3169 1211 3222 amicitsicamr'cm

148 3249 232 3318 Epist.
242 3249 344 3303 Paridis
354 3269 360 3302 :
370 3270 384 3295 α
394 3250 464 3319 Qut
472 3259 527 3303 rata
534 3249 600 3315 sint,
609 3266 658 3301 nec
705 3269 792 3303 nom
801 3248 859 3300 Art
870 3249 929 3300 Am.
940 3248 1083 3313 1,vs.585;
1093 3258 1119 3300 et
1126 3251 1211 3300 amr'cae

148 3338 175 3381 te
188 3326 285 3379 inutra
298 3327 448 3395 promiserit
463 3339 547 3396 opto:
562 3350 575 3373 v
590 3325 657 3380 Met.
706 3333 768 3383 lima
780 3328 907 3394 Pontll,
921 3329 961 3381 El.
973 3344 1011 3392 rr,
1025 3347 1051 3397 ¹7
1060 3328 1212 3392 nicrum

147 3405 208 3471 IX,
224 3412 284 3456 rata
292 3410 345 3456 seir!
353 3422 401 3455 sua
411 3409 611 3470 er'sapreratur:
622 3404 658 3458 ric
704 3413 786 3462 amice·
794 3408 929 3469 Juvenali,
946 3408 999 3462 Sat.
1013 3409 1027 3458 5
1037 3446 1044 3472 ,
1056 3426 1087 3459 er
1099 3403 1212 3473 antiquio

148 3494 176 3538 et
189 3481 284 3554 passim
295 3481 362 3536 alibi.
375 3481 476 3536 Hntns.
706 3470 874 3540 codicib'um
888 3496 972 3539 custos
982 3483 1080 3539 adfixa
1093 3482 1209 3550 ibidem,

182 3557 658 3629 55.Studti'sme13·S!ultime0⁸cripti·
707 3563 765 3632 Qui
782 3575 904 3617 numeret
926 3581 1041 3634 gemmas
1058 3580 1210 3630 unguesque

151 3637 188 3691 H.
198 3664 231 3676 -
241 3637 343 3691 hume.
353 3635 463 3689 Famam
472 3646 498 3688 et
508 3635 625 3705 gloriam.
707 3643 826 3696 observet
838 3643 946 3703 amieos;
961 3663 973 3686 »
983 3640 1026 3693 ubi
1038 3647 1127 3693 acutos
1139 3659 1212 3695 nune

184 3721 223 3790 57.
230 3719 308 3771 Artes
314 3713 464 3770 sevcrae.Vel
470 3715 659 3785 philosophiam
707 3720 802 3791 legitur
810 3742 816 3783 ;
822 3722 911 3789 sessos
921 3723 1113 3787 opttussolarur
1120 3725 1211 3774 amicis

147 3793 227 3861 dicit,
240 3794 280 3848 vel
289 3793 659 3866 ingenuardiscipliuaretstu·
708 3796 776 3867 apud
786 3798 925 3850 Maronem
932 3796 1046 3860 Acestes,
1055 3794 1157 3861 AEu.V,
1168 3800 1210 3864 41,

149 3873 194 3926 elia
206 3872 368 3944 eloquentie.
708 3887 735 3929 et
746 3875 807 3929 ibid.
820 3877 883 3948 337,
895 3896 925 3930 ex
936 3875 1109 3929 vetustissimo
1122 3874 1211 3929 codiee

185 3952 224 4004 58.
236 3953 383 4004 Dissimiles
395 3952 456 4003 illis.
477 3948 549 4020 Quia
564 3960 660 4006 noum
708 3951 805 4005 Medic
819 3975 831 3998 o
845 3954 946 4006 Emicat
958 3951 1103 4024 Euryalus,
1115 3961 1141 4004 et
1150 3969 1213 4002 mu-

150 4042 221 4093 mea
233 4049 289 4085 non
302 4040 363 4085 sunt
373 4048 478 4085 severae.
707 4053 772 4088 uere
787 4034 869 4087 victor
881 4033 980 4099 arnico,
992 4034 1081 4086 Prima
1096 4040 1185 4084 tenet:
1197 4052 1212 4077 ν

186 4107 659 4192 Sosicisartr'busr'llrssibriadedrle
707 4107 1163 4165 dtbteisolatmmr'ciseodemlibm
1173 4106 1211 4161 H.
