2722 4702
271 295 338 360 EX
361 293 544 360 ΡΟΝΤΟ
566 295 666 360 LIB.
691 293 759 359 IV.
786 295 955 362 EPIST.
981 299 1026 364 X.
1110 298 1176 382 455

121 436 225 508 Gutta
243 451 332 507 cavat
348 432 506 533 lapidem;
525 432 730 506 consumitur
746 433 886 509 annulus
903 465 987 523 usu;
1160 461 1175 510 s

168 551 213 620 Et
227 546 342 619 teritur
357 575 469 647 pressa
486 575 598 620 vomer
613 547 759 621 aduncus
776 547 891 621 humo.

119 666 267 763 Tempus
284 662 364 734 edax
381 663 497 757 igitur,
518 680 636 763 prater
653 691 730 748 nos,
750 662 861 736 omnia
877 662 1012 763 perdet?

169 779 284 851 Cessat
298 777 417 853 duritia
435 808 524 853 mors
540 804 673 878 quoque
691 779 775 851 victa
791 805 871 851 mea.

121 891 319 993 Exemplum
336 910 385 965 est
401 893 500 966 animi
519 893 658 966 nimium
674 893 830 993 patientis
846 891 1000 992 Ulyssem,

169 1009 318 1080 Jactatus
336 1007 438 1081 duhio
453 1036 512 1108 per
531 1009 597 1081 duo
614 1007 718 1081 lustra
734 1008 824 1082 mari.
854 1037 856 1039 ’

120 1122 286 1221 Tempora
301 1120 431 1193 solliciti
449 1122 590 1194 sednon
609 1139 716 1194 tamen
734 1120 845 1195 omnia
858 1119 918 1194 sati

170 1231 330 1317 Pertulit,
348 1250 382 1305 et
400 1232 535 1334 placida
551 1262 635 1334 saepe
653 1234 744 1307 sucre
761 1261 870 1306 morae.

122 1344 175 1416 An
193 1373 287 1440 grave
305 1373 362 1418 sex
379 1347 474 1419 annis
491 1344 662 1447 pulchram
681 1345 801 1421 scrisse
819 1345 982 1447 Calypso,

169 1462 408 1561 AEquoreaque
425 1463 489 1537 suit
503 1461 723 1536 concubuisse
740 1462 843 1535 Deae?

123 1576 252 1677 Excipit
269 1577 490 1678 Hippotades,
506 1576 637 1677 qui'dat
654 1604 867 1678 promouere
883 1596 1017 1667 ventos,
1151 1602 1180 1652 15

171 1689 293 1763 Curvet
307 1709 344 1764 ut
360 1690 522 1793 impulsos
537 1691 629 1765 utilis
646 1719 725 1763 aura
739 1693 842 1764 sinus.

122 1807 191 1878 Nec
206 1804 293 1877 bene
311 1822 475 1879 cantantes
490 1805 587 1880 labor
602 1822 653 1880 est
670 1804 800 1879 audisse
815 1803 959 1904 puellam

172 1922 241 1992 Nec
258 1919 442 2013 degustanti
461 1920 550 1996 lotos
567 1950 674 1995 amara
690 1920 764 1994 suit.

124 2035 198 2106 Hos
214 2062 294 2129 ego,
312 2035 371 2135 qui
386 2037 500 2135 patria
515 2035 636 2109 faciant
652 2034 792 2122 oblivia,
811 2062 926 2109 succos

156 2223 179 2276 6,
190 2226 226 2277 Et
233 2229 324 2277 teritur.
335 2221 428 2275 Malim
438 2224 575 2289 Adterirur,
586 2223 626 2276 vel
674 2244 732 2297 ²²9²
741 2245 754 2271 α
764 2222 865 2277 lnvidia
873 2221 967 2289 socios,
979 2222 1125 2292 predaeque
1134 2246 1176 2279 cu·

123 2306 261 2367 Berenicen·
273 2302 467 2371 Rottendorph.
477 2304 624 2368 Conteritur,
674 2303 763 2374 pidine
781 2303 876 2370 victos,
897 2300 960 2355 Esse
978 2311 1047 2354 ratos
1065 2321 1176 2369 aurum,

124 2400 177 2449 quo
186 2382 265 2434 verbo
279 2391 384 2434 usuaeet
393 2379 569 2433 Medicamine
579 2380 625 2432 Fa·
674 2380 796 2433 demsisse
808 2379 930 2450 ligamina
938 2378 1030 2431 ventis.
1042 2400 1054 2424 u

123 2453 623 2526 cici:monperdetproperdrtmeliores.
709 2460 746 2513 16.
768 2461 845 2513 Utile}
865 2479 936 2512 aura.
956 2458 999 2511 Sic
1019 2460 1047 2510 in
1068 2458 1178 2514 Metam.

160 2555 195 2586 ια.
205 2537 292 2590 More.
300 2535 438 2591 Intervalla
447 2535 577 2588 morandi·
587 2533 626 2587 Μ.
675 2539 764 2605 xltt,
780 2542 882 2592 utilibus
905 2542 997 2599 wazu,
1021 2548 1128 2604 astuque
1142 2556 1180 2591 se-

123 2641 155 2653 ·-
165 2615 312 2682 Etplacr'dae
322 2633 386 2679 sepe
392 2613 465 2681 suere
473 2633 556 2667 moroe·
566 2613 626 2663 Hoc
675 2620 755 2670 cundo
768 2639 775 2669 .·
788 2621 920 2691 ι’καύμσθαι
935 2619 1024 2685 ἀνέμοιο
1035 2618 1107 2676 ἒσθλὶς
1118 2621 1179 2674 irat-
1197 2666 1200 2673 .

124 2703 171 2758 est,
187 2694 382 2748 tametsimultis
393 2714 422 2745 ac
434 2693 510 2744 variis
523 2692 625 2760 pericu·
674 2720 727 2770 po„
740 2702 885 2760 elarieecai,
900 2696 989 2764 Eurip.
1001 2704 1028 2747 et
1043 2696 1154 2749 Homer.

124 2771 152 2824 lis
162 2774 463 2840 totodecennioiactatus
471 2771 529 2832 luit,
538 2768 627 2820 habuit
712 2797 748 2845 ¹7·
766 2779 835 2828 Bene
846 2785 976 2827 cantantes
983 2775 1089 2842 puellas.
1106 2772 1180 2827 Sire-

125 2860 211 2901 lamen
222 2849 366 2912 interdum,
375 2848 468 2916 qulbus
476 2847 542 2898 mala
551 2855 627 2912 alque
675 2872 722 2905 nes
734 2853 801 2905 bene
809 2862 932 2905 canentes
941 2890 948 2917 ,
962 2869 1024 2920 qua!
1036 2859 1088 2902 [res
1098 2849 1177 2902 [uiue

126 2927 272 2980 maestitiam
286 2944 359 2978 suam
371 2926 485 2989 levaret,
501 2935 529 2977 ut
544 2941 627 2991 quum
675 2926 799 2996 legimus,
809 2926 1005 2996 Parthenopen,
1017 2926 1177 2992 Lerrcosiam,

126 3011 194 3081 apud
223 3009 397 3081 Calypsonem
423 3018 540 3060 moratus
563 3017 626 3058 est:
676 3015 702 3056 et
715 3005 843 3075 Lygiam,
864 3004 1040 3072 habitamque
1063 3002 1178 3056 Siciliam

126 3088 189 3140 item
200 3106 282 3156 quum
293 3086 324 3137 ab
335 3086 413 3138 AEolo
424 3084 535 3151 hospitio
550 3101 626 3135 mcc·
674 3083 741 3136 circa
755 3085 887 3137 Pelorum.
901 3084 985 3136 Fuere
998 3094 1085 3136 autem
1105 3083 1178 3137 Sire-

126 3175 353 3233 ptus,etmunere
365 3172 505 3215 ventorum
517 3159 628 3212 donatus
675 3179 721 3213 nee
731 3160 790 3214 filie
806 3161 913 3214 Acheloi
925 3170 952 3213 et
965 3157 1112 3230 Calliopes,
1123 3158 1176 3212 sire

127 3252 173 3294 cst.
184 3242 312 3293 Praeterea
320 3239 451 3293 audiendo
462 3238 577 3301 Sirenes,
587 3255 628 3288 ve·
676 3239 871 3308 Terpsichores.
896 3239 947 3291 Hae
969 3237 1077 3304 quidem
1099 3248 1178 3292 cantu

127 3319 223 3373 scendo
232 3321 299 3385 loto,
312 3333 338 3374 et
351 3320 377 3372 id
387 3339 468 3390 genus
481 3317 537 3372 alia.
549 3317 587 3369 Μ.
676 3318 798 3373 mortales
809 3316 912 3370 allectos
925 3315 953 3367 in
965 3332 1038 3366 mare
1053 3314 1179 3368 deturba-

164 3399 199 3449 15.
216 3398 321 3464 Excipit
335 3399 498 3465 Hippotades.
516 3391 630 3462 Suscipit
675 3390 1179 3465 hahtUlyrsearero,Circesueutcort·
1288 3391 1289 3394 '

126 3477 248 3548 Ulyssem
263 3475 353 3529 AEolus
367 3476 489 3544 Hippotae
506 3474 581 3526 filius
595 3497 629 3510 -
676 3471 749 3537 silio,
766 3489 825 3524 cera
837 3489 913 3522 aures
927 3468 1057 3522 sociorum
1069 3469 1177 3523 obtura·

127 3555 281 3620 IIr'ppotades
296 3556 343 3605 da!
354 3572 402 3620 pro
421 3571 517 3605 munere
533 3557 627 3602 centos.
677 3549 720 3602 vit.
733 3550 790 3617 lpse
801 3566 864 3600 vero
874 3546 990 3616 alligatus
1001 3545 1084 3613 malo,
1096 3567 1129 3603 ne
1139 3567 1180 3605 co·

128 3639 188 3683 Δῶκε
203 3635 273 3699 dipat
287 3630 628 3707 oht'poecrirxa'eyioo'elmcaipm,
677 3637 782 3696 gerelut·
798 3627 824 3678 ln
841 3644 914 3678 mare
935 3622 1054 3690 desilire,
1076 3625 1178 3681 illarum

128 3702 338 3775 molestaverint
354 3709 442 3775 ἀνίμων
459 3709 568 3767 zurichua
586 3707 630 3758 xl·
677 3714 767 3758 mutus
775 3701 874 3756 audivit
887 3703 1002 3769 impune.

129 3790 200 3834 trata.
210 3782 314 3852 Ulysses
331 3785 384 3853 ipse
400 3783 467 3851 apud
481 3782 561 3835 llom.
575 3778 628 3836 Od.
712 3782 749 3834 18.
759 3783 813 3836 Nec
823 3784 970 3847 deportanti.
981 3778 1096 3853 Ulyssea,
1111 3790 1179 3832 tem·

130 3862 377 3934 t(‚vers.19.lllum
386 3880 448 3915 vero
455 3872 542 3914 utrem
551 3858 629 3925 ,dum
677 3871 774 3929 pestate
787 3857 886 3914 delatus
902 3858 936 3914 ad
952 3860 1131 3930 Lotophagos,
1150 3853 1177 3906 in

131 3936 629 4008 Ulyssesdormit,sociiaolverunt:cau·
677 3935 795 3990 Africam
807 3937 907 4007 agitur,
919 3941 1001 3994 socios
1018 3936 1177 4003 exploratum

70 4007 73 4016 ’
130 4033 185 4066 sam
198 4013 284 4067 reddit
294 4014 373 4070 ovid.
386 4015 497 4069 Metam.
507 4016 584 4082 XIV,
593 4035 628 4071 va.
678 4013 759 4067 mittit
773 4035 779 4068 :
793 4016 837 4084 qui
847 4028 947 4085 gustata
959 4017 1027 4078 loto,
1040 4029 1089 4062 nec
1100 4007 1177 4076 quic·
