2722 4702
148 355 214 438 406
415 358 455 421 P.
490 352 664 420 OVIDII
695 349 920 418 NASONIS

153 548 276 560 ...υ-υ·-

472 682 784 768 EPISTOLA
813 681 889 765 Vl.

623 849 735 870 m

407 1088 702 1162 AMICORUM
728 1087 952 1162 CUIDAM.

506 1477 866 1540 ARGUMENTUM.

158 1644 265 1706 Amico,
279 1642 322 1710 qui
336 1640 468 1719 nominari
486 1660 502 1692 a
517 1651 594 1708 poete
610 1641 750 1706 noluerat,
768 1640 896 1707 ostendit,
915 1661 974 1695 earn
992 1639 1165 1697 merentiem
1184 1641 1213 1695 in

190 1724 351 1789 Augustum,
366 1721 440 1787 cujus
455 1720 594 1773 clementie
605 1722 639 1773 sit
651 1721 800 1788 notissima,
819 1722 976 1777 invidiosam
988 1742 1042 1778 esse
1053 1744 1062 1789 ;
1072 1723 1113 1777 vel
1125 1735 1214 1794 aperte

190 1813 274 1860 tutus.
290 1801 329 1853 vel
343 1801 455 1852 latenter
466 1801 557 1854 saltem
571 1810 600 1853 ut
611 1801 726 1855 exsulem
737 1814 822 1871 amet,
838 1804 967 1858 hortatur.

34 2034 49 2049 ..
160 1951 278 2055 Niso
296 2010 375 2069 suo,
393 2011 513 2059 nomen
530 1985 645 2085 posuit
660 1986 715 2059 cui
730 2014 842 2086 pene,
861 1987 969 2061 sodali

207 2099 315 2172 Mittit
331 2100 373 2173 ab
390 2102 528 2176 Euxinis
544 2101 606 2175 hoc
622 2102 720 2176 breve
737 2132 865 2178 cumen
882 2105 985 2204 aquis.

163 2219 227 2303 At,
243 2220 271 2291 si
289 2238 382 2293 cauta
400 2248 516 2320 parum
533 2218 720 2319 scripsisset
737 2219 867 2307 dextra,
887 2222 961 2321 quis
978 2249 1084 2309 esses,
1132 2241 1136 2251 '

207 2333 357 2408 Forsitan
377 2333 487 2407 oilioio
504 2353 597 2433 parta
613 2332 744 2433 querela
761 2333 857 2408 foret.

162 2450 231 2522 Cur
248 2467 372 2534 tamen,
390 2449 454 2520 hoc
472 2448 545 2523 aliis
564 2468 671 2523 tutum
687 2451 912 2536 credentibus,
932 2481 1035 2541 unus,
1205 2475 1220 2525 5

207 2564 384 2665 Adpellent
400 2595 440 2637 ue
459 2583 489 2639 te
506 2566 794 2650 sumusnostra,
813 2571 936 2660 rogas?

166 2682 301 2777 Quanta
317 2682 409 2754 sitin
428 2683 532 2756 media
549 2679 717 2756 clementia
738 2683 873 2756 Caesaris
890 2684 955 2769 ira,

214 2797 264 2868 Ex
281 2825 350 2884 me,
368 2797 395 2868 si
410 2796 533 2883 nescis,
551 2796 669 2869 certior
685 2824 755 2870 esse
771 2815 877 2897 potes.

167 2910 254 2982 lluic
273 2939 355 3005 ego,
375 2939 471 3012 quam
490 2909 616 3008 patior,
634 2908 681 2984 uil
699 2939 829 3009 possem
845 2911 972 2986 demere
990 2940 1113 3011 poenae‚

214 3027 250 3099 Si
262 3027 361 3125 judex
377 3027 485 3102 meriti
500 3055 632 3122 cogerer
649 3055 719 3100 esse
734 3029 807 3102 mei.
1196 3065 1225 3101 to

165 3141 240 3213 Nou
257 3159 344 3214 vetat
360 3139 414 3216 ille
432 3141 483 3216 sui
502 3168 697 3241 quemquam
713 3142 897 3216 meminisse
915 3140 1051 3230 sodalis,

215 3260 283 3330 Nec
297 3258 455 3356 prohibet
471 3257 532 3329 tibi
547 3283 598 3329 me
615 3256 776 3342 scribere,
795 3275 893 3356 teque
910 3257 999 3330 mihi.

168 3373 235 3445 Nec
251 3372 357 3446 scelus
373 3373 545 3459 admittas,
564 3371 592 3444 si
609 3369 787 3445 consoleris
805 3371 962 3458 amicum,

216 3485 378 3560 Mollibus
395 3504 428 3558 et
443 3487 552 3559 verbis
569 3515 683 3587 aspera
699 3486 767 3560 fata
783 3485 877 3559 leves.

171 3599 257 3682 Cur,
276 3598 353 3672 <lum
372 3618 443 3672 tuta
461 3600 573 3687 times,
593 3602 672 3677 sacis
688 3619 726 3674 ut
741 3600 917 3675 reverentia
934 3597 1004 3672 telis
1193 3622 1224 3671 15

203 3795 224 3827 r.
236 3774 378 3841 Snoposuit.
387 3774 430 3829 Sic
438 3774 607 3830 nostriSuum
613 3777 670 3829 Mo·
717 3772 886 3826 ‹lum—Iloc.
896 3769 997 3826 Scilicet
1009 3787 1107 3821 nornen
1120 3790 1222 3841 ponere

169 3853 217 3906 reti
225 3860 251 3904 et
260 3861 372 3919 quartuor
383 3851 432 3905 alii.
716 3851 896 3922 moissrriptis.

201 3950 223 3982 2.
236 3931 277 3983 Ab
288 3929 403 3981 Euxino.
414 3933 456 3984 Ab
465 3935 581 3983 extremis
594 3950 669 3984 unus.
747 3948 771 3999 9.
786 3932 854 3983 Huic
869 3947 920 3995 ego.
941 3928 1010 3980 Hinc
1028 3927 1101 3981 Mss
1121 3929 1221 3982 Bersm.

200 4010 309 4061 5.A11t·s
332 4012 484 4062 credentibus
506 4028 562 4062 esse
582 4020 667 4063 tutum
714 4010 864 4075 Natpossen
872 4011 974 4062 demere.
988 4007 1058 4076 Quia
1071 4005 1219 4061 Caesarnon

171 4084 233 4137 liliis
243 4085 444 4143 existimantibus
451 4106 503 4141 nou
512 4104 566 4141 esse
575 4085 668 4139 timen-
715 4089 839 4156 potuisset
851 4109 894 4144 me
905 4089 995 4144 mitius
1006 4088 1104 4157 punire.
