2722 4702
283 390 352 457 EX
375 390 549 459 PONTO
571 393 666 461 LIB.
693 393 768 458 111.
795 392 960 461 EPIST.
986 397 1052 466 IV.
1129 399 1190 484 dor

142 530 234 629 Quid
251 559 357 606 cessas
374 561 504 606 currum
517 562 738 635 pompamque
756 538 870 635 parare
886 538 1080 640 triumphis,
1162 564 1196 636 95

188 646 281 720 Livia
294 649 308 719 ?
323 646 388 742 jam
404 644 511 744 nullas
529 647 607 721 daut
624 648 685 720 tibi
702 646 788 721 bella
804 676 923 722 moras.

143 761 273 838 Perfida
291 762 457 835 damnatas
478 763 652 837 Germania
666 764 800 864 projicit
814 764 945 839 hastas:

189 881 263 951 Jarn
280 875 412 977 pondus
429 877 517 951 dices
533 906 630 951 omen
645 879 765 952 hahere
783 908 901 952 meum.

143 995 268 1082 Crede,
286 993 444 1094 brevique
459 992 539 1066 lides
557 994 679 1082 aderit3
695 995 875 1090 geminabit
890 995 1052 1072 honorem

190 1111 314 1197 Filius,
335 1127 368 1182 et
380 1110 522 1207 junctis,
540 1127 578 1182 ut
593 1111 706 1210 prius,
725 1112 789 1184 ibit
805 1112 907 1211 equis.
1153 1156 1200 1189 100

142 1228 278 1313 Prome,
298 1222 390 1325 quod
408 1221 535 1320 injicias
550 1223 696 1299 humeris
712 1226 910 1316 victoribus,
929 1245 1074 1304 ostrum:

191 1343 269 1440 Ipsa
285 1354 398 1439 potest
414 1333 550 1409 solitum
568 1366 666 1410 nosse
682 1367 805 1413 corona
820 1359 929 1441 eaput.

145 1456 260 1540 Scuta,
280 1453 386 1527 sedet
403 1450 500 1546 galea
518 1453 654 1546 gemmis
671 1450 841 1526 radientur
856 1472 890 1528 et
906 1484 1006 1547 auro,

192 1572 352 1671 Stentque
369 1565 468 1668 super
482 1566 610 1641 vinctos
629 1586 743 1641 tmnca
762 1587 885 1670 tropaea
901 1558 999 1646 viros·

146 1689 278 1790 Oppida
296 1686 423 1760 turritis
441 1691 617 1780 cingantur
632 1684 776 1758 eburnea
791 1687 895 1759 muris
908 1717 916 1774 ;

190 1803 351 1898 Fictaque
367 1825 417 1870 res
432 1827 509 1872 vero
525 1824 618 1869 more
632 1812 769 1896 putetur
786 1797 848 1892 agi.

144 1912 339 2019 Squallidus
355 1911 518 1985 immissos
531 1912 632 1984 fracta
650 1912 713 1984 suh
728 1913 887 1985 arundine
904 1914 1009 1988 crines

126 2061 137 2067 '⁴
195 2030 356 2113 Rhenus,
375 2041 409 2099 et
424 2025 559 2099 infectas
577 2025 735 2121 sauguine
752 2043 863 2125 portet
879 2055 989 2126 aquas.

145 2148 292 2223 Barbara
304 2144 372 2243 jam
389 2140 475 2240 capti
491 2159 634 2241 poscunt
648 2140 789 2233 insignia
806 2169 916 2237 reges,

196 2265 366 2360 Tantaque
384 2257 519 2330 fortuna
536 2254 686 2330 divitiora
702 2285 769 2330 sua.
1164 2299 1210 2336 tto

180 2449 221 2500 97.
239 2427 336 2495 Peqtda
358 2425 501 2476 Generum.
512 2418 656 2473 Germania
706 2424 806 2475 Trunca
821 2433 919 2490 τωρωι.
930 2426 1021 2496 Virgil.
1033 2425 1139 2482 AEneid.
1149 2431 1206 2500 xl,

146 2504 295 2576 quotidem
303 2503 372 2572 rupit
380 2498 515 2564 Romania,
524 2515 591 2551 caeao
600 2496 656 2557 Va-
702 2519 768 2552 vers.
781 2503 795 2552 5
807 2520 853 2569 sqq
866 2521 872 2555 :
883 2523 896 2548 κ
911 2503 1050 2573 lugentem
1061 2525 1205 2576 quercum,

145 2605 179 2639 ro
196 2594 223 2637 et
237 2583 317 2638 tribua
331 2579 484 2652 legionibus.
495 2580 656 2631 -Bamna-
703 2575 792 2632 decisis
798 2579 912 2647 undique
922 2583 1009 2650 carnis,
1016 2581 1160 2640 Constituit
1168 2598 1209 2640 tu·
1262 2643 1267 2652 ,

144 2675 190 2716 aas
202 2665 296 2715 hastas.
311 2660 384 2714 Bella
399 2669 425 2711 et
434 2675 521 2720 arma,
534 2673 592 2724 quae
605 2654 653 2707 de·
701 2655 793 2724 mulo,
809 2655 987 2729 fulgentiaque
1000 2662 1086 2716 induit
1094 2683 1189 2719 arma..
1202 2705 1208 2717 .

146 2750 257 2797 testatur
269 2749 296 2793 et
309 2738 424 2792 damnat.
433 2763 465 2774 -
473 2733 587 2801 ijictt.
597 2734 656 2786 Ab·
701 2730 759 2799 tihi,
767 2752 872 2805 magne,
880 2741 1205 2811 tropeumttettipoteum

143 2818 203 2887 jicit
213 2831 338 2886 tanquam
352 2831 425 2883 paene
440 2811 514 2875 victa.
701 2814 808 2867 -suu
819 2815 903 2870 Theb.
915 2820 956 2879 ll,
973 2824 1019 2888 7⁰4
1029 2841 1084 2891 sqq.

178 2892 494 2967 99.Gemr'uubitd0uoren
504 2889 595 2939 Ft'ltits·
608 2883 655 2940 Ti·
737 2896 790 2944 105.
818 2893 917 2959 Oppeilu
934 2900 1048 2953 eburnea.
1063 2898 1207 2955 civitatum

143 2972 237 3028 herius
257 2971 336 3022 alium
355 2975 530 3035 consequetur
555 2963 654 3016 trium-
702 2967 838 3020 simulacra
851 2990 882 3023 ex
893 2972 970 3026 ebore
985 2987 1124 3043 compacta.

144 3051 233 3120 phum
244 3067 250 3099 :
261 3058 288 3100 et
305 3047 340 3099 ita
356 3043 451 3114 duplici
461 3042 594 3112 triumpho
606 3044 656 3097 erit
740 3045 793 3096 rob.
812 3049 885 3099 Id‘cta
902 3068 950 3100 res.
966 3051 1035 3103 Rern
1054 3052 1140 3106 fictam
1157 3055 1209 3108 ad-

146 3129 295 3200 gloriosus,
316 3125 397 3178 altero
414 3131 489 3191 parto
500 3120 531 3174 de
548 3121 654 3193 illyria,
703 3122 781 3192 pellat
802 3123 906 3176 urbium
925 3129 1053 3196 pictarum
1072 3131 1208 3187 simulacra

147 3210 234 3263 altero
247 3225 309 3258 vero
321 3204 353 3257 de
365 3201 513 3256 Germanis.
535 3200 655 3253 Tiberina
703 3209 731 3250 et
744 3211 833 3267 gesta,
853 3219 911 3268 qua
922 3203 1128 3270 praeferebantur
1140 3210 1166 3261 in
1176 3231 1208 3265 eo

146 3286 233 3347 enirn,
247 3292 342 3335 vastata
353 3277 657 3346 Germania,imperator
703 3275 846 3346 triumpho.

147 3360 292 3432 adpellatus
302 3359 360 3413 luit.
729 3358 935 3422 107.Squallr'dus
943 3361 1153 3417 ammulatcriues.
1161 3367 1209 3420 Im·
1288 3368 1294 3383 ³

186 3446 241 3508 rot„
262 3443 378 3508 Stetitque
392 3456 465 3504 super
477 3441 559 3489 ve'ctos
569 3443 658 3488 trunca
704 3438 883 3485 missoscriues
891 3433 917 3484 in
926 3434 1153 3495 melioribuatmox
1161 3464 1209 3513 pro

150 3530 243 3587 tropea
259 3522 335 3571 vc‘ros.
360 3515 454 3567 Malim
471 3533 544 3581 super
559 3515 657 3564 uuirctos
700 3518 787 3575 potet,
803 3509 923 3562 Politian.
932 3522 959 3565 et
968 3532 1011 3565 sex
1022 3515 1064 3568 alii
1072 3529 1160 3583 portet.
1174 3523 1209 3576 H.

151 3603 285 3649 urioseum
294 3596 370 3664 prim.
380 3589 658 3657 Medieeoetquinque
706 3585 801 3639 Noster
815 3588 854 3652 A,
867 3593 998 3650 tumultur,
1010 3601 1080 3658 potet
1090 3615 1098 3647 :
1109 3598 1185 3653 male.

152 3673 216 3724 aliia.
228 3674 261 3723 lu
275 3667 446 3726 Numiumatia
457 3667 529 3720 enim
541 3682 659 3717 marmo-
744 3667 1211 3734 109.P0uuurras1·gura.NosterA.-

153 3747 277 3813 ribusque
294 3747 406 3815 antiquis
423 3744 550 3812 adparent
566 3738 660 3808 passim
706 3744 818 3793 Pascua!
826 3743 901 3794 Polit.
910 3744 1209 3821 aliiquemulti;quidam

154 3824 249 3895 captivi
259 3827 359 3892 tropaeis
368 3824 478 3895 adligati.
488 3823 557 3874 H.-
564 3821 660 3871 Trunca
703 3829 824 3886 poscaut:
835 3832 975 3890 utrumque
983 3840 1094 3892 reatuum
1104 3847 1164 3881 nam
1172 3846 1211 3878 re·

155 3914 257 3972 tropea.
279 3900 348 3968 Qun
370 3901 507 3969 amputatis
524 3897 659 3950 arboribus
708 3894 806 3965 galibue
815 3902 976 3956 ornamentis
989 3923 1062 3975 reges
1072 3908 1098 3958 in
1111 3905 1211 3956 trium-

156 3983 322 4055 hgehantur;
336 3977 503 4046 amputabant
523 3976 594 4028 enirn
615 3986 659 4026 ra-
708 3971 789 4041 phum
805 3973 917 4029 ducendi
931 3980 1091 4033 velabantur.
1103 3978 1138 4028 H.

157 4079 212 4114 moe
223 4058 358 4122 arborum,
371 4075 399 4109 ac
411 4052 505 4107 deinde
516 4052 661 4121 armiaspo·
742 4072 796 4105 rio.
815 4057 948 4125 Partaque.
965 4060 1055 4109 Vestes
1072 4056 1160 4122 regias.
1177 4084 1211 4097 —

158 4136 246 4207 liteque
260 4136 328 4189 hosti
345 4131 467 4190 detractis
481 4131 661 4195 ornabante
708 4132 1002 4201 Dr'utte‘omaulortaua.
1012 4131 1084 4199 Quia
1093 4131 1211 4203 requini

252 4236 342 4311 VII.
1019 4232 1064 4300 26
