2722 4702
142 300 209 394 396
422 299 461 363 r.
490 297 671 366 ovrnn
696 294 925 366 unsours

144 445 224 515 Nun
241 468 326 541 opus
344 455 394 511 est
409 439 536 532 magnis
552 436 684 538 placido
702 431 823 509 lectore
839 437 971 539 poetis:
1069 458 1075 468 ·

195 554 366 653 Qamlibet
379 554 519 626 invitum
537 548 766 653 difficilemque
784 569 905 625 tenent.
1181 592 1210 627 ιο

147 673 236 757 Nos,
257 671 379 771 quibus
396 670 563 765 ingenium
577 667 671 763 longi
682 668 833 741 minuere
851 666 1001 756 labores,

197 786 268 858 Aut
284 786 382 858 etiam
399 784 528 857 nullum
544 783 683 858 forsitan
699 801 773 857 ante
792 783 876 871 luit,

150 901 288 975 Viribus
303 899 442 988 infirmi,
463 917 571 974 vestro
587 899 727 974 candore
744 897 906 973 valemus:

200 1017 310 1113 Quem
327 1016 409 1089 mibi
427 1015 455 1090 si
471 1015 600 1103 demas,
619 1015 730 1088 omnia
745 1031 838 1114 rapta
854 1031 978 1114 putem.

153 1129 345 1231 Cunctaque
366 1157 468 1229 quum
484 1156 555 1202 mea
572 1130 640 1204 sint
653 1157 820 1231 propenso
838 1128 914 1200 nixa
931 1127 1064 1215 lavore,
1187 1147 1214 1198 ns

202 1247 411 1346 Praecipuum
426 1245 527 1318 veniae
541 1247 595 1344 jus
612 1245 713 1319 babet
725 1243 781 1317 ille
798 1243 892 1318 liber.

137 1351 140 1355 ¹
155 1361 345 1462 Spectatum
363 1377 453 1434 vates
470 1360 525 1433 alii
543 1361 702 1462 scripsere
719 1360 933 1461 triumphum.

204 1480 266 1551 Est
282 1476 406 1578 aliquid
423 1477 561 1550 memori
574 1476 642 1549 visa
657 1494 772 1550 notare
788 1502 898 1547 manu.

156 1593 226 1664 Nos
244 1616 281 1661 ea
295 1589 348 1662 vix
366 1589 491 1662 avidam
508 1586 607 1683 vulgo
627 1606 756 1689 captata
772 1616 832 1688 per
848 1612 957 1661 aurem

207 1704 405 1804 Scripsimus
424 1735 432 1777 ε
449 1722 547 1804 atque
565 1702 652 1776 oculi
667 1704 750 1779 fama
769 1704 860 1777 luere
872 1703 944 1778 mei.

158 1817 289 1893 Scilicet
306 1817 453 1892 adlectus
471 1817 610 1908 similes,
628 1839 685 1895 aut
703 1821 846 1921 impetus
863 1819 966 1906 idem,

208 1931 323 2006 Rebus
341 1933 384 2007 ab
402 1933 525 2009 auditis
543 1935 796 2037 conspicuisque
814 1935 928 2008 venit?

158 2049 227 2120 Nec
244 2048 334 2122 nitor
350 2051 497 2145 argenti,
518 2080 615 2153 quem
632 2082 692 2127 vos
707 2051 856 2136 vidistis,
876 2047 1009 2135 stanti,

212 2165 316 2261 Quod
333 2166 414 2239 mihi
433 2167 592 2255 defuerit,
612 2195 823 2269 purpuraque
840 2165 913 2253 illa,
932 2193 1072 2267 queror:

164 2278 229 2355 Sed
246 2281 339 2370 loca,
357 2284 415 2357 sed
433 2302 546 2378 gentes
564 2285 709 2358 formate
725 2282 813 2357 mille
829 2280 944 2377 figuris
1187 2297 1220 2349 25

211 2399 401 2474 Nutrlssent
418 2426 564 2486 carmen,
583 2398 759 2500 praeliaque
776 2399 864 2498 ipsa,
879 2425 998 2503 meum.

165 2513 210 2584 Et
224 2540 338 2607 regum
357 2508 485 2599 vultus,
506 2514 685 2588 certissima
702 2513 842 2614 pignora
858 2513 995 2600 mentis,

198 2691 214 2742 g
240 2673 297 2724 Non
311 2688 373 2739 opus
389 2678 430 2723 est
445 2676 545 2741 magur&
557 2671 671 2737 placido.
751 2676 792 2725 25.
802 2672 854 2724 Sed
858 2668 1227 2738 1m,ve1mm.sedgeaus

165 2744 254 2799 Poetis
270 2745 451 2801 excellentibus
470 2766 524 2800 non
545 2756 584 2799 est
607 2765 672 2816 opus
720 2770 763 2808 sex
773 2759 906 2822 septemve
917 2748 1156 2804 veteresznervo'se.
1169 2744 1224 2799 Sed

164 2837 196 2879 ut
208 2826 315 2881 lectores
330 2826 489 2893 concilient,
505 2825 566 2894 quia
578 2845 672 2879 eorum
719 2830 839 2884 locorum
858 2827 1045 2898 descriptiones
1063 2837 1091 2879 et
1104 2825 1224 2895 picture,

166 2923 245 2974 opera
256 2924 342 2974 perse
354 2905 471 2959 favorem
482 2904 650 2958 contrahunt.
721 2926 778 2976 quae
786 2905 977 2975 triumphantes
986 2904 1157 2972 imperatores
1166 2920 1227 2973 pre·

202 3004 240 3037 10.
248 2987 493 3052 Quemle'belirvr'lum
500 2984 674 3055 difficilemque
721 2982 855 3039 cedebant.
868 2984 921 3035 Per
932 2981 986 3033 loca
998 2990 1087 3033 autem
1101 3020 1107 3046 ,
1124 2992 1169 3034 aut
1183 2999 1226 3032 ur-

167 3070 258 3115 tenent.
267 3061 599 3132 Quamlibelquatuorlibri.
613 3063 648 3115 H.
721 3062 783 3127 bes,
799 3071 843 3112 aut
857 3077 960 3128 campos
972 3057 1016 3110 ubi
1029 3069 1110 3128 partie
1123 3058 1243 3111 fuerant>

204 3145 240 3194 15.
251 3142 472 3211 Cunctaquequum
482 3150 611 3196 measnnt.
620 3143 676 3194 Se'n!
722 3140 834 3193 victoriae
846 3136 1002 3208 pugnando;
1020 3146 1046 3189 et
1063 3136 1124 3204 quia
1139 3136 1229 3204 huius·

170 3220 318 3290 exscriptis.
333 3222 369 3274 H.
722 3219 794 3273 modi
813 3217 900 3289 prelia
916 3216 982 3286 picta
997 3215 1141 3285 preibant,
1158 3226 1185 3268 et
1202 3214 1228 3266 iu

205 3300 241 3355 16.
255 3302 305 3354 Iste
322 3305 390 3354 liber.
405 3299 518 3353 Libellus
537 3299 578 3351 ille
595 3318 675 3367 quem
723 3308 888 3370 pugnantum
899 3296 1049 3366 corporibus
1062 3295 1140 3347 variae
1154 3302 1231 3347 erant

170 3375 676 3439 mitto,ubidescribiturCaesaristrium·
722 3376 861 3430 vulnerum
870 3370 1225 3432 etcadentiumlormae;ideo

172 3450 238 3519 phus
248 3456 357 3508 materia
366 3455 451 3523 ampla
459 3466 485 3507 et
495 3473 589 3523 magna
599 3494 606 3520 ,
618 3471 675 3521 quie
723 3453 870 3524 subjungit,
883 3451 924 3504 vel
932 3461 1021 3521 gentes
1031 3450 1148 3502 formate
1154 3441 1226 3495 mille

172 3527 241 3580 aliud
261 3541 408 3600 exposceret
426 3530 581 3598 ingenium,
596 3550 675 3598 quam
724 3530 821 3600 liguris.

174 3623 272 3658 meum·
758 3609 797 3661 26.
816 3609 957 3661 Nutrisseaet
972 3619 1067 3655 carm
1086 3607 1135 3650 etc.
1155 3595 1230 3651 Gar-

207 3702 244 3755 rp„
256 3686 489 3751 Vulgr'captataper
495 3703 586 3737 aurem
598 3688 678 3752 Vulgo
725 3686 791 3738 mini
797 3680 966 3752 meogratiam
971 3676 1231 3731 adtulissent—Pte·

68 3816 74 3833 ,
174 3759 261 3831 scripti
271 3777 277 3811 ε
286 3770 312 3811 et
321 3778 397 3814 versu
407 3762 539 3830 proximo,
550 3781 598 3832 pro
609 3766 678 3817 vuli-
725 3767 870 3831 liaqner'psa
875 3779 960 3813 meum.
968 3755 1071 3824 Etipste
1079 3755 1231 3824 preliomm

175 3861 241 3903 mus,
257 3838 332 3909 multi
343 3846 494 3908 scripsimus.
511 3843 546 3897 H.
726 3839 918 3909 descriptiones.

207 3922 246 3986 24.
262 3920 337 3986 Quod
347 3921 410 3971 miti
421 3919 534 3985 desuerit.
548 3920 681 3989 Besucrr'n!
760 3937 799 3986 ²7·
811 3919 847 3971 Et
857 3933 937 3984 regum
949 3916 1034 3966 vultus
1043 3916 1184 3966 certissima
1189 3914 1232 3976 μ’·

174 3998 364 4067 Fragmentum
372 3997 538 4066 Vaticanum,
546 3999 622 4069 paulo
630 4000 679 4057 ele·
724 4015 806 4064 μονα
814 3998 904 4063 gentis.
917 3993 958 4047 lta
966 3991 1074 4062 quidem
1082 3989 1160 4060 vulgo
1172 3982 1229 4038 :sed

178 4076 398 4144 santiusltmns.
728 4072 770 4126 atii
789 4078 900 4141 pignora
922 4077 1013 4128 nerlii
1037 4069 1152 4138 tegunt,
1174 4078 1231 4130 quo
