2722 4702
305 397 370 468 nx
394 396 572 465 nonno
595 398 692 466 nin.
718 397 769 465 ιι.
794 397 961 468 nurse.
985 400 1031 468 v.
1131 405 1197 495 3³9

139 537 215 614 Non
232 565 296 634 ego
311 536 513 622 laudandus,
532 536 589 610 sed
606 555 685 611 sunt
699 553 755 611 tua
768 556 901 638 pectora
917 538 1018 627 lacte,

186 658 231 730 Et
246 681 314 727 non
334 651 454 726 calcata
470 650 659 726 candidiora
678 652 777 727 nire:

142 770 341 871 Mirarisque
357 766 457 852 alios,
476 796 578 868 quum
597 767 642 842 sis
659 766 819 842 mirabilis
837 768 923 870 ipse,

189 887 258 959 Nec
278 883 400 958 lateant
417 902 523 979 artes,
541 882 778 986 eloquiumque
795 902 899 958 tunm.
1174 910 1207 978 40

143 1007 191 1078 'l’e
207 1006 361 1113 juvenum
378 1001 553 1102 princeps,
572 1001 625 1075 cui
642 1003 699 1074 dat
719 1001 893 1074 Germania
907 1027 1047 1094 nomen,

192 1119 388 1219 Participem
406 1116 507 1190 studii
524 1117 633 1190 Caesar
648 1115 770 1190 habere
788 1116 892 1191 solet:

146 1237 196 1310 'l'u
214 1262 323 1307 comes
339 1232 515 1332 antiquus,
533 1250 570 1304 tn
588 1230 705 1333 primis
720 1232 855 1331 junctus
871 1231 913 1305 ab
930 1233 1043 1322 annis,

193 1349 331 1446 Ingenio
348 1375 458 1421 mores
475 1347 714 1447 aequiparante,
732 1345 860 1447 placest

148 1470 195 1544 ‘l'e
210 1468 339 1541 dicente
353 1466 462 1568 prius,
483 1465 521 1538 fit
538 1465 693 1566 protinus
708 1465 851 1564 impetus
867 1463 936 1553 illi;

196 1587 312 1687 Teque
327 1584 445 1672 habet,
463 1582 573 1657 elicias
589 1583 647 1683 qni
666 1609 725 1655 sua
742 1581 839 1655 verba
856 1583 931 1657 tuis.

151 1707 264 1804 Quum
284 1722 322 1776 tu
341 1703 473 1790 desisti,
490 1700 709 1801 mortaliaque
725 1728 784 1775 ora
801 1700 976 1801 quierunt,

201 1817 388 1915 Clausaque
408 1844 475 1889 non
494 1816 592 1912 longa
609 1815 796 1890 conticuere
814 1843 920 1904 mora,

155 1931 271 2026 Surgit
288 1928 381 2003 luleo
394 1930 518 2027 juvenis
534 1930 730 2026 cognomine
747 1929 886 2026 dignus,

206 2046 327 2146 Qualis
343 2046 385 2119 ab
404 2048 485 2121 Eois
499 2049 629 2124 Lucifer
646 2067 739 2124 ortus
757 2047 862 2146 aquis.
1171 2078 1219 2131 ,ss

158 2166 313 2264 Dumque
331 2159 431 2235 silens
448 2159 573 2248 adstat,
591 2180 696 2237 status
714 2175 765 2235 est
781 2158 957 2259 vultusque
974 2159 1086 2234 diserti
1094 2170 1136 2250 ,⁶⁴
1142 2164 1148 2179 “
1166 2162 1171 2179 ”

205 2280 372 2381 Spemque
391 2277 509 2351 decens
526 2275 630 2352 doctae
643 2277 738 2351 vocis·
751 2277 889 2350 amictus
902 2275 1013 2351 habet.
1044 2308 1049 2315 ¹
1077 2298 1080 2303 ·

190 2445 229 2512 37.
238 2445 345 2510 Nonege
352 2444 506 2495 laniandus.
517 2440 620 2506 Docet,
630 2460 666 2496 ne
715 2439 866 2495 melioribus
877 2422 1043 2510 profisiisti.
1056 2443 1222 2500 Hebionis·

160 2519 277 2574 videatur
297 2538 438 2588 arrogans,
454 2518 572 2573 libellum
590 2536 667 2572 suum
714 2523 799 2588 lisque
811 2538 855 2572 nra
865 2516 986 2588 pulmo!-
1001 2522 1125 2575 mnatre
1136 2523 1225 2592 adpel-

162 2617 213 2652 non
226 2617 279 2652 esse
293 2598 367 2651 laude
380 2597 490 2664 dignum
503 2619 509 2652 ς
522 2596 568 2652 sed
580 2597 602 2650 si
617 2615 670 2667 qtta
715 2598 803 2665 lat,ut
811 2596 931 2670 ostendat
940 2600 1066 2654 Salannm
1075 2602 1226 2670 mortalem,

160 2678 213 2735 leus
226 2677 360 2733 nocuerit
374 2674 525 2746 huiusmodi
536 2676 628 2747 operi,
641 2672 669 2729 id
714 2674 905 2735 Germanicum
915 2699 978 2733 vero
991 2679 1123 2735 Cursarem
1133 2681 1226 2735 divum

160 2750 358 2814 dmlendum
371 2773 423 2808 esse
437 2751 670 2824 oandorietiuge·
716 2756 802 2811 suine.

161 2834 294 2905 nioipsins
303 2830 400 2885 Salani.
412 2828 619 2886 Barberinianus
628 2832 672 2885 hic
751 2836 790 2899 48.
806 2838 932 2903 Tectaque
940 2853 992 2888 ora.
1002 2837 1143 2904 Clausaque
1152 2846 1226 2896 veter

163 2930 259 2965 novam
269 2909 328 2962 iacit
334 2908 442 2978 elegiam
453 2925 526 2975 ,quoe
533 2906 672 2962 'videbatur
719 2933 761 2967 res
773 2915 866 2979 multi,
880 2935 941 2968 cum
959 2915 1090 2971 nonnullis
1104 2915 1229 2970 editioni·

166 2987 277 3042 Heinsio
288 2985 423 3053 scriptaad
437 2984 639 3038 Albinovanum.
721 2992 777 3043 bns.
785 2993 884 3045 lirina.
896 3021 928 3032 -
941 2994 1092 3046 Conticuere.
1101 2994 1161 3047 Hoc
1168 3010 1228 3047 vere·

200 3070 241 3134 in.
252 3068 400 3131 Participen
411 3067 508 3118 studiis.
521 3066 605 3118 Stadii
611 3084 671 3118 rne-
721 3069 785 3120 bum
796 3087 851 3120 non
863 3087 877 3119 a
887 3072 1008 3130 conticeo,
1019 3070 1090 3139 quod
1098 3089 1228 3140 nusquam

168 3144 258 3204 liores;
268 3161 353 3210 neque
362 3141 435 3195 aliter
442 3140 578 3210 scriptores
586 3142 673 3208 latini,
721 3144 825 3214 legitur,
836 3143 881 3197 sed
889 3164 904 3197 a
912 3149 1052 3199 conticesco
1061 3146 1142 3201 venit.
1150 3147 1228 3204 Cror.

169 3234 198 3277 et
209 3241 285 3275 versu
296 3222 413 3290 proximo
421 3220 500 3274 iidem
507 3220 621 3281 codices,
635 3240 675 3275 co·
756 3224 796 3294 49.
804 3224 918 3274 Junenis.
928 3220 1108 3278 Germanicus.

168 3322 222 3356 ures
228 3306 345 3368 antiquus
354 3318 400 3369 pro
408 3304 526 3368 antiquis.
534 3298 676 3352 ll.-Cum
759 3304 798 3353 52.
817 3300 935 3368 Spemque
955 3302 1047 3352 docens
1063 3305 1142 3354 docte
1162 3312 1233 3361 vocis

169 3380 258 3436 dativo
268 3375 357 3431 estulit
369 3387 456 3431 tamen
466 3377 566 3431 Seneca
576 3416 584 3442 ,
596 3376 677 3431 Herc.
725 3378 822 3431 amicus
829 3379 912 3428 tutet.
921 3376 986 3431 Hoc
994 3375 1068 3430 nihili
1075 3392 1137 3435 sunt
1145 3401 1152 3436 t
1160 3383 1234 3454 quin·

169 3459 218 3511 sur.
231 3456 297 3529 369,
313 3477 325 3500 n
340 3455 470 3524 particeps
483 3473 565 3523 regno
576 3452 653 3520 veni3
664 3475 678 3501 s
728 3478 778 3528 que
789 3467 890 3510 veteres
901 3458 997 3510 decens.
1014 3456 1103 3515 Scribe
1116 3463 1235 3535 Spemque

171 3535 213 3588 ubi
227 3533 358 3587 videndus
372 3531 530 3586 Gronovius.
728 3540 818 3588 decens
826 3537 906 3587 docte
915 3541 1189 3598 coenantctnshatet.
1202 3542 1236 3596 ln

205 3617 244 3680 45.
261 3617 296 3667 Te
306 3617 490 3682 dicentepn'us.
499 3613 539 3665 Te
551 3611 622 3680 prius
632 3610 681 3666 ele·
728 3613 785 3682 ipso
795 3612 890 3665 amictu
905 3630 934 3665 ac
949 3623 1007 3684 toga
1021 3613 1144 3673 decenter
1156 3637 1237 3675 com-

174 3688 386 3745 elamante.-Fit
391 3697 506 3757 protinus
519 3695 625 3756 :nunus
633 3692 682 3743 titt.
730 3686 822 3759 plicata
841 3689 894 3755 jam
912 3707 969 3758 spes
983 3702 1023 3747 est
1037 3694 1146 3749 eruditae
1163 3693 1238 3747 vocis.

179 3763 227 3815 Vis
244 3766 400 3833 eloquentius
416 3767 502 3821 subito
519 3767 547 3820 in
565 3765 683 3820 Germa-
733 3765 911 3837 Quintilianus
929 3767 1020 3840 aliique
1040 3775 1101 3827 artis
1119 3769 1239 3825 oratori·

178 3836 240 3891 nico
250 3840 364 3892 exoritur
373 3853 413 3896 :et
422 3844 548 3896 excitatur
558 3841 685 3912 cupiditas
732 3842 858 3914 magistri,
866 3863 921 3898 non
931 3847 1072 3903 minimum
1085 3847 1181 3901 referre
1191 3861 1240 3895 ¹¹0⁸

178 3913 313 3968 dicendiet
321 3926 346 3967 te
353 3919 685 3987 aquandi-requeratur.
734 3922 830 3976 docent
840 3923 872 3976 ad
883 3928 1139 3982 commendationem
1151 3929 1242 3972 oralo-

180 3996 215 4048 Et
228 3995 305 4047 habet
318 3996 343 4046 in
359 4007 382 4046 te
394 3996 483 4048 studiis
495 3996 621 4064 previum
632 3995 687 4050 do·
735 3999 788 4066 ris,
806 4010 836 4054 ut
850 4012 936 4073 togam
955 4004 1078 4056 decenter
1092 4007 1244 4061 componat

178 4070 236 4128 cim
248 4086 273 4127 ‘l
288 4074 358 4143 q⁰³⁵l
372 4072 484 4126 allemm
496 4085 687 4145 Pfflcfploren.
736 4077 871 4151 Superiori
881 4083 959 4134 etiam
970 4098 1045 4142 versu
1055 4084 1123 4128 reete
1132 4071 1190 4125 libri
1201 4091 1245 4129 ve·
1343 4106 1347 4110 -

215 4156 254 4221 47·
269 4157 351 4219 (inune
359 4161 387 4204 ts
398 4155 688 4210 dese'str's.Bss1stieum
738 4166 822 4226 teres,
833 4163 913 4210 st'lens
923 4159 1024 4217 adstat,
1047 4171 1100 4208 non
1110 4155 1197 4207 ,setene
1208 4154 1244 4210 H,
