2722 4702
143 307 207 373 232
421 307 461 370 P.
486 304 659 372 ovtml
682 303 906 374 NASONIS

145 444 281 518 centis
297 461 346 515 est
359 440 500 543 primum
516 472 655 529 munus,
675 443 763 543 quod
779 443 928 517 ducimus
942 471 1055 519 auras:

193 557 307 630 Gratia
322 576 399 657 post
415 587 551 652 magnos
568 577 615 632 est
632 558 692 632 tibi
707 560 855 633 habenda
872 561 971 632 Deos.

144 669 205 744 Ille
224 671 313 745 dedit
328 673 443 749 vitam:
463 690 513 758 tn,
532 700 629 771 quam
643 673 732 746 dedit
750 673 820 759 ille,
839 674 956 759 tueris,

193 788 238 858 Et
250 786 328 861 facis
345 807 478 888 accepto
496 816 630 861 munere
647 817 744 888 posse
760 787 835 861 frui.

144 899 325 1000 Quumque
342 903 566 1002 perhorruerit
583 931 676 977 casus
692 931 768 1004 pars
784 903 920 977 maxima
936 919 1093 990 nostros3
1170 923 1201 974 15

196 1018 277 1090 Pars
294 1019 390 1091 etiam
404 1018 491 1092 credi
507 1020 711 1118 pertimuisse
727 1017 824 1107 velit,

145 1134 425 1236 Naufragiumque
441 1118 548 1208 meum
566 1135 692 1210 tumulo
710 1134 862 1236 spectarit
877 1133 918 1207 ab
936 1130 1024 1220 alto,

195 1253 264 1324 Nec
279 1250 402 1324 dederit
418 1251 508 1323 nanti
525 1278 585 1352 per
600 1251 681 1324 lreta
699 1280 780 1325 saera
796 1277 947 1335 mannm;

148 1365 345 1439 Seminecem
364 1366 475 1466 Stygia
493 1368 650 1440 revocasti
669 1366 760 1441 solus
776 1368 817 1440 ab
835 1368 932 1440 unda.

198 1482 271 1553 lloc
281 1508 412 1581 quoque
426 1481 515 1581 quod
528 1510 685 1556 memores
696 1510 870 1582 possumus
883 1510 967 1567 esse,
983 1496 1074 1553 tunm
1087 1492 1149 1549 est.
1167 1512 1201 1547 αα

149 1594 195 1665 Di
213 1593 273 1665 tibi
289 1622 323 1665 se
342 1595 488 1667 tribuant
505 1625 577 1668 cum
593 1598 717 1669 Caesare
734 1624 861 1695 semper
876 1595 1012 1669 amicos:

195 1710 270 1780 Non
289 1710 400 1809 potuit
416 1728 527 1783 votum
544 1710 672 1811 plenius
689 1737 757 1784 esse
773 1738 891 1783 meum.

150 1821 228 1894 Haec
245 1849 340 1895 meus
356 1822 497 1918 argutis,
515 1825 542 1897 si
561 1844 596 1897 tn
612 1841 776 1926 paterere,
792 1821 913 1896 libellis

198 1937 340 2010 Poneret
355 1936 388 2008 in
408 1937 509 2011 multa
526 1939 599 2012 lnce
614 1938 751 2013 videnda
767 1937 869 2012 labor.

151 2051 193 2126 Se
211 2083 343 2154 quoque
358 2082 461 2143 nunc,
478 2055 624 2156 quamvis
639 2074 689 2129 est
702 2055 790 2153 jussa
807 2053 989 2152 quiescere,
1009 2048 1091 2149 quin
1106 2067 1137 2156 te
1168 2068 1200 2121 25

196 2167 354 2244 Nominet
370 2170 525 2258 invitum,
543 2172 596 2245 rix
611 2200 682 2246 mea
700 2174 796 2245 Musa
815 2185 910 2242 tenet.

185 2333 541 2395 11.Ducemnsauras.'l'res,
556 2355 652 2388 auram.
667 2386 671 2394 ,
700 2335 753 2403 jam
769 2333 812 2385 diu
822 2330 993 2401 imprudentis
1004 2327 1135 2395 hominis,
1152 2347 1202 2382 nee

186 2432 222 2464 ra.
243 2412 305 2463 Post
318 2400 421 2477 meinos
434 2412 510 2465 Deos.
528 2413 588 2464 Post
601 2413 652 2465 Jo·
699 2415 751 2466 suis
758 2412 868 2465 consiliis
880 2410 1053 2479 obsequentis,
1060 2426 1202 2476 casmprae

151 2509 210 2541 vom
220 2499 245 2540 et
258 2489 405 2554 Augustum
415 2502 424 2539 r
434 2488 472 2539 vel
485 2488 554 2540 Deos
567 2488 652 2554 adpel-
699 2489 811 2542 viderint
822 2499 847 2540 et
857 2487 1054 2556 pretimuerint.
1065 2486 1096 2539 B.

150 2568 186 2619 lat
199 2567 344 2632 Augustum
356 2573 383 2616 et
394 2560 450 2628 ejus
461 2562 560 2616 liberos.
574 2565 651 2617 Man.
735 2585 771 2635 sq
784 2566 941 2616 seminecem.
953 2565 1030 2617 Solus
1042 2573 1100 2632 post
1112 2564 1202 2633 Augu·

185 2647 221 2696 15.
244 2648 368 2710 Quumque
377 2642 533 2708 perhorreret.
546 2644 652 2716 Perkot-
698 2654 766 2696 stum
778 2642 883 2695 servasti
892 2661 942 2694 me.
956 2644 985 2696 P.
997 2672 1029 2682 -
1038 2645 1125 2714 Stygia
1135 2662 1201 2694 reeo-

149 2727 241 2778 ruen't.
262 2731 360 2788 septem
378 2716 513 2771 meliores:
529 2737 607 2786 quare
625 2729 651 2770 et
699 2725 840 2773 caste'solns
848 2725 880 2772 ab
888 2724 962 2772 unda.
972 2723 1014 2774 stc
1023 2720 1063 2774 ille
1073 2720 1138 2791 apud
1149 2719 1200 2772 Co·

151 2820 210 2853 mor
224 2803 343 2865 spectant
353 2815 401 2867 pro
409 2802 531 2861 spectare!
541 2814 650 2864 reponoe
699 2798 815 2853 micum:
828 2821 841 2843 «
852 2798 927 2852 Solus
940 2799 971 2850 ab
984 2799 1057 2851 Orco
1065 2807 1199 2851 mortum

151 2898 212 2932 nam
225 2881 349 2943 spectavit
359 2873 555 2948 patavinusfl.
699 2898 742 2932 me
754 2878 879 2933 reducem
889 2879 916 2932 in
927 2877 1013 2932 lucem
1024 2879 1122 2933 leceris,
1135 2899 1151 2924 »

186 2960 222 3011 rb.
243 2960 307 3009 Pars
322 2961 397 3009 etlam
416 2955 487 3007 credi
496 2955 652 3019 pertimuisse
733 2978 772 3010 aa.
784 2959 888 3010 Plenius
903 2975 966 3008 esse.
981 2958 1072 3026 Quam
1082 2955 1200 3024 precari,

151 3040 217 3090 velit.
230 3033 341 3103 Exponit
349 3031 462 3096 Merula,
471 3029 541 3099 quasi
551 3030 586 3083 itti
597 3047 651 3081 non
701 3047 730 3090 ut
744 3035 788 3088 Dii
806 3056 866 3088 cum
880 3033 983 3089 emere
1001 3036 1048 3090 eibi
1061 3035 1113 3090 sint
1125 3033 1200 3090 mid

150 3119 204 3170 veri
217 3114 291 3170 amici
300 3115 455 3176 timuissent,
467 3132 500 3163 ne
508 3110 584 3164 simul
592 3127 652 3165 cum
700 3131 727 3170 et
738 3114 850 3184 propitii.

151 3195 247 3250 ovidio
259 3194 437 3261 relegarentur
449 3208 455 3240 :
467 3188 557 3258 dequo
565 3201 651 3242 tamen
734 3196 771 3245 23.
786 3197 854 3246 Hac.
867 3194 1005 3248 Beneficia.
1023 3195 1100 3247 Mam
1110 3199 1200 3265 Aqu-

151 3290 278 3341 nusquam
290 3270 401 3324 Ovidius
413 3266 471 3319 alibi
488 3266 652 3321 mentionem
700 3277 740 3325 tis.
753 3271 875 3326 Eruditis.
888 3275 917 3326 P.

150 3349 217 3401 lacit.
231 3348 321 3414 Quare
336 3345 439 3398 mallem
453 3345 537 3413 legere
547 3383 554 3410 ,
562 3349 652 3413 preli·
733 3352 770 3401 25.
783 3352 854 3403 Nunc
866 3367 957 3415 quoque
971 3352 1083 3415 quann's
1095 3349 1198 3412 estjam

151 3431 241 3477 mut'sse
252 3421 412 3489 :pometiam
420 3440 504 3486 nunc,
517 3440 598 3489 quum
609 3421 652 3472 vi·
692 3426 772 3494 jussa
795 3432 922 3495 quc'escere.
945 3422 1052 3477 Turbati
1073 3421 1196 3474 numeri:

151 3501 265 3553 dentme
276 3496 397 3559 exsulem,
407 3507 434 3549 ut
445 3510 575 3561 excusent,
582 3496 651 3566 quod
700 3521 769 3555 unus
788 3501 942 3565 Vaticanus,
962 3513 988 3554 et
1003 3496 1106 3551 Pelet«
1126 3496 1197 3565 Qun

151 3577 248 3631 nullom
257 3591 332 3643 opem
345 3573 450 3627 tulerint
460 3575 533 3640 mihi,
541 3576 614 3628 aiunt
623 3595 651 3628 se
700 3575 1119 3651 quoquenuncquamvisestjussa
1125 3577 1199 3645 qnie-

150 3656 193 3707 diu
215 3651 380 3723 prmtimuisse
402 3651 467 3705 hanc
484 3670 569 3704 meam
591 3670 651 3720 pce-
699 3679 777 3712 scere,
790 3682 802 3704 s,
814 3658 917 3721 Scribe,
931 3655 987 3709 «Se
999 3672 1198 3723 quoquenunc,

150 3749 223 3794 nam,
238 3739 263 3783 et
282 3748 352 3784 casus
366 3727 480 3781 infelices
493 3748 499 3789 ;
516 3727 650 3796 quiasnpe
700 3736 816 3804 quamvis
824 3747 861 3788 eet
869 3735 935 3801 jussa
943 3732 1088 3801 quiescere,
1100 3734 1167 3802 quin
1174 3744 1199 3787 te

151 3810 268 3864 viderant
284 3827 328 3861 me
342 3805 401 3859 talia
415 3804 567 3868 admittere,
587 3804 651 3873 qui·
699 3811 1066 3876 Nomineqinvitum‚vimea
1076 3812 1200 3867 Mume-

150 3892 198 3946 bus
210 3887 326 3944 exsilium
344 3902 467 3938 mererer.
481 3880 516 3933 Et
527 3879 576 3935 boc
584 3900 650 3949 quo-
699 3901 772 3942 πει.»
782 3887 1042 3954 Primeeditiones,o
1050 3890 1130 3942 Nunc
1138 3907 1199 3958 qno-

150 3969 278 4021 tidiunum
286 3976 342 4028 est,
356 3972 387 4015 ut
395 3958 545 4028 quiveteres
556 3958 650 4013 amieos
699 3984 748 4033 que
760 3967 814 4033 jam
826 3964 942 4036 quemuis
952 3975 990 4019 est
1001 3966 1076 4033 jussa.
1088 3988 1102 4012 »
1111 3966 1160 4015 Vix
1168 3981 1195 4013 se

150 4048 313 4112 destituunt,
328 4043 363 4096 ita
383 4059 409 4095 se
431 4047 559 4109 purgent,
580 4039 649 4109 qnod
697 4050 769 4096 tenet
778 4061 837 4101 mea
848 4042 1011 4113 Musaque
1024 4054 1048 4098 te
1059 4040 1192 4102 nominet·
