2722 4702
245 345 313 410 EX
335 343 512 412 PONTO
535 344 633 412 LIB.
658 345 734 414 III.
759 345 926 415 EPIST.
953 349 1029 415 111.
1096 346 1161 440 389

113 487 226 581 Quum
243 482 356 557 subito
374 485 491 584 pennis
509 485 650 580 agitatus
662 485 828 559 inhorruit
842 515 916 574 aer,

159 603 203 673 Et
222 602 347 696 gemuit
363 630 463 701 parvo
480 620 569 676 mota
584 603 722 676 fenestra
740 630 833 677 sono.
1135 642 1164 677 ro

112 718 261 790 Territus
278 718 313 789 in
331 718 478 792 cubitum
493 719 602 793 relevo
621 748 691 793 mea
706 720 852 794 membra
868 721 1062 809 sinistrum,

159 826 281 902 Pulsus
297 847 329 903 et
345 859 363 904 e
380 832 506 933 trepido
522 851 654 933 pectore
671 862 808 906 somnus
825 834 906 907 abit.

113 943 227 1017 Stabat
244 949 348 1019 Amor
364 947 474 1034 vultu,
493 978 558 1021 non
576 979 643 1048 quo
656 952 748 1049 prius
766 977 836 1024 esse
852 949 999 1037 solebat,

112 1084 116 1092 '
160 1062 276 1137 Pulcra
295 1081 407 1138 tenens
421 1065 500 1137 laea
513 1066 616 1139 tristis
633 1094 747 1140 acerna
760 1095 859 1140 manu
873 1095 881 1155 ;

114 1174 182 1245 Nec
198 1191 347 1275 torquem
363 1175 470 1264 collo,
488 1206 548 1251 nec
563 1179 690 1254 babens
707 1180 828 1253 crinale
843 1178 990 1280 capillis,
1139 1198 1168 1251 rt

162 1288 229 1361 Nec
246 1288 329 1363 bene
349 1290 527 1391 dispositas
542 1312 687 1380 comeus,
700 1311 742 1367 ut
755 1310 850 1381 ante,
869 1321 988 1400 comas.

117 1400 258 1475 Horrida
274 1405 464 1504 pendebant
478 1406 596 1482 molles
614 1436 713 1508 super
731 1436 787 1497 ora
805 1406 936 1515 capilli3

163 1517 207 1589 Et
221 1516 290 1590 visa
305 1536 356 1592 est
373 1519 479 1593 oculis
495 1520 629 1594 horrida
644 1548 754 1621 penna
770 1520 860 1594 meis.

119 1630 234 1728 Qualis
250 1634 286 1706 in
303 1637 395 1710 aeriae
412 1655 511 1734 tergo
519 1639 603 1712 solet
620 1667 689 1713 esse
706 1637 888 1725 columbae,

165 1749 379 1824 Tractentum
394 1755 504 1829 multae
521 1784 619 1855 quam
636 1755 771 1850 tetigere
790 1782 916 1828 manus.
1142 1788 1175 1826 ao

118 1868 239 1951 Hunc,
258 1867 356 1940 simul
370 1873 506 1964 agnovi,
523 1901 631 1974 neque
647 1871 735 1946 enim
750 1870 832 1946 mibi
848 1871 960 1945 notior
976 1868 1071 1959 alter,

169 1981 309 2056 Talibus
325 1984 430 2059 adlata
445 2007 496 2063 est
510 1989 615 2064 libera
631 1987 743 2082 lingua
759 1989 868 2060 sonis:

123 2101 155 2172 0
171 2128 274 2200 puer,
290 2101 395 2176 exsilii
411 2102 545 2205 decepto
562 2134 659 2180 causa
676 2104 855 2198 magistro,

170 2217 279 2313 Quem
295 2216 359 2290 tuit
376 2215 491 2291 utilius
506 2248 575 2293 non
590 2222 741 2296 docuisse
757 2218 855 2293 mibi!

124 2331 197 2405 lluc
215 2360 346 2431 quoque
362 2331 502 2420 venisti,
520 2362 584 2435 pax
598 2355 646 2410 est
664 2335 724 2410 ubi
739 2351 885 2434 tempore
901 2327 1014 2416 nullo,
1145 2348 1177 2396 ²5

168 2448 216 2518 Et
231 2446 298 2520 coit
312 2448 478 2523 adstrictis
495 2449 655 2526 barbaros
668 2452 754 2524 Ister
771 2447 890 2548 aquis?
921 2502 939 2533 ,-

125 2560 208 2656 Quae
227 2564 285 2638 tibi
300 2595 397 2641 causa
413 2566 498 2640 riae?
513 2567 580 2641 nisi
596 2550 647 2640 uti
659 2566 742 2641 mala
756 2582 869 2638 nostra
884 2560 1034 2641 sidetes?

172 2677 249 2773 Quo
267 2699 363 2769 sunt,
378 2682 408 2756 si
422 2682 549 2771 nmcis',
565 2681 727 2757 invidiosa
743 2680 818 2756 tibi.

125 2784 175 2869 ’l’u
191 2795 276 2870 mibi
291 2796 422 2873 dictasti
438 2792 595 2894 juvenilia
611 2798 753 2872 carmina
766 2799 914 2897 primus:

127 2983 201 3051 quies
215 3001 273 3050 quae
284 2983 431 3035 communis
447 2993 486 3036 est
502 2982 631 3037 omnibus.
677 2981 797 3052 proximo
807 2983 910 3033 sordida
918 2980 1005 3043 pluma
1015 2991 1133 3043 reponas.
1145 2972 1182 3024 Η.

128 3061 285 3111 -Habebat
293 3059 546 3114 AlebatMedonian.
557 3062 631 3114 alter.
715 3055 1086 3139 18.1²eaaa.ttta.-H0ntda.
1097 3050 1182 3120 Aspe-

166 3140 202 3202 14.
210 3138 310 3203 Sceptra
317 3145 402 3191 teneas
409 3142 472 3190 leaa
478 3142 558 3190 tristis
564 3156 633 3190 acerb
679 3156 715 3190 rae
728 3147 754 3189 et
769 3135 877 3203 impexa
895 3140 1001 3201 propter
1015 3128 1181 3218 aquilonem,

129 3236 165 3268 na
176 3235 258 3266 manu.
275 3216 354 3267 halaa
366 3214 504 3285 Argentin.
515 3225 542 3268 et
552 3214 633 3269 codes
681 3214 726 3283 qui
736 3213 768 3265 ad
777 3232 808 3265 ea
818 3213 873 3264 loca
881 3209 1013 3261 volantem
1024 3205 1184 3293 Cupidinem

130 3292 253 3362 Scaliger.
260 3293 427 3347 undeFetcra
434 3294 455 3347 is
462 3291 632 3360 conjiciebam
682 3290 836 3352 adflaverat,
848 3296 875 3339 et
884 3286 1016 3352 impexum
1027 3280 1184 3336 reddiderat.

130 3371 201 3441 quod
216 3371 358 3425 Vaticanus
373 3370 465 3440 prima
482 3379 552 3423 notae
569 3387 635 3423 con·
683 3368 733 3420 Vel
749 3368 827 3420 etiam
840 3380 952 3416 moerore
970 3371 997 3414 et
1011 3360 1101 3426 luctu,
1117 3379 1185 3429 pro-

130 3452 219 3505 lirmat
230 3470 237 3504 :
250 3453 364 3503 Fatcram
372 3469 419 3518 pro
431 3448 522 3503 baculo
533 3447 635 3517 posuitt
683 3456 741 3515 pter
753 3457 836 3515 poeta
845 3441 1027 3496 calamitatem.

131 3534 210 3605 paitrau
232 3535 358 3590 tuentem
376 3527 421 3581 dat
444 3527 537 3579 Amori
556 3526 636 3577 Ans-
717 3547 756 3578 ao.
779 3527 931 3578 Tractatum.
952 3523 1114 3574 Tractentam
1131 3520 1187 3577 Po-

133 3629 228 3676 creon,
242 3609 294 3663 od.
307 3607 370 3661 Vll.
383 3607 459 3661 H.-
472 3608 581 3658 Acerra.
594 3601 640 3657 De
683 3601 765 3655 litian.
777 3611 804 3654 et
815 3612 868 3654 tres
879 3597 930 3652 alii.

136 3703 208 3736 acere
222 3687 294 3739 laeta.
313 3687 360 3739 Est
378 3685 451 3737 enim
466 3702 549 3752 genus
565 3680 641 3751 ligni.
718 3701 757 3733 ss.
775 3682 881 3733 Talibus
890 3676 974 3747 effata
984 3687 1029 3732 est.
1039 3678 1191 3749 Adfhtaest

135 3760 229 3829 Virgil.
238 3764 340 3817 AEneid.
349 3759 639 3829 11‚vs.112‚srabe‘bas
686 3756 834 3825 exscriptis.
1163 3825 1169 3837 ⁶

136 3847 268 3890 contestas
278 3845 381 3892 aceram.
392 3839 470 3892 Mn.
720 3840 760 3888 25.
773 3835 831 3885 Pas
840 3841 880 3885 est
884 3835 933 3885 ali.
946 3834 1059 3902 anpax
1068 3842 1108 3884 est
1114 3827 1189 3880 Pohe.

173 3934 209 3984 ¹7·
222 3916 332 3965 Horrida
340 3920 488 3980 pendebant.
501 3912 641 3981 Repetitus
687 3932 736 3982 qua
748 3912 874 3965 Heinsius
886 3912 1006 3968 malebat.

137 4014 168 4048 ea
178 4012 227 4045 vox
235 4011 311 4044 versu
320 3991 451 4060 proximo:
463 4010 544 4060 quare
552 3988 642 4043 matius
721 4009 761 4061 ap.
776 3991 815 4042 Ta
827 3992 891 4042 mitt
900 3994 1009 4043 dictasti.
1023 3985 1083 4039 vid.
1097 3979 1190 4031 dmm*-

141 4072 272 4141 squallida
291 4088 336 4122 ara
353 4066 396 4121 bic
407 4065 478 4135 legi3
498 4067 548 4123 nisi
566 4084 644 4124 versu
688 4068 731 4123 lib.
746 4066 1000 4140 1,Eteg.1princip.
