2722 4702
197 328 247 422 96,
292 327 331 394 r.
346 326 474 395 ovrn.
494 321 690 391 ursonis
709 323 939 394 umsrruu
953 328 1000 396 11.
1014 330 1083 398 nu.
1097 330 1171 399 nn,

195 469 272 542 Non
285 492 345 559 ego
360 460 504 536 mordaci
521 460 680 536 destrinxi
696 464 837 538 carmine
856 495 1074 569 quemqnam,

224 584 311 661 ,Nec
328 606 418 653 meus
435 576 536 652 ullius
552 579 687 653 crimina
702 608 814 655 versus
826 581 937 656 habet.

196 696 365 773 Candidus
380 724 398 768 a
417 693 542 769 salibus
560 696 695 771 suffusis
710 696 784 771 selle
800 698 928 794 refugi3

241 810 340 885 Nulla
354 829 513 885 venenato
528 809 622 884 litera
636 811 731 885 mista
747 812 822 910 joco
840 831 899 887 est.

193 929 284 1002 Inter
297 942 348 998 tot
362 925 502 1026 populi,
520 941 573 998 tot
585 924 699 1026 scripti
717 918 818 1001 miliia
833 927 955 1016 nostri,

242 1038 351 1135 Quem
367 1067 438 1112 mea
456 1036 606 1138 Calliope
622 1037 759 1128 laeserit,
776 1068 863 1113 unus
880 1069 950 1136 ego.

193 1158 272 1231 Non
289 1154 391 1249 igitur
408 1152 533 1228 nostris
551 1152 655 1228 ullum
674 1153 813 1250 gaudere
829 1154 994 1250 Quiritem

242 1273 416 1366 Auguror,
433 1286 467 1342 at
483 1266 606 1342 multos
618 1268 815 1357 indoluisse,
831 1269 935 1345 malis.
1199 1294 1251 1366 570

193 1389 264 1463 Nec
278 1384 361 1460 mihi
377 1382 533 1457 credibile
550 1401 600 1457 est
613 1411 810 1484 quemquam
823 1385 999 1460 insultasse
1014 1384 1151 1485 jacenti,

247 1502 360 1578 Gratia
376 1498 509 1574 candori
527 1497 556 1572 si
572 1528 636 1599 qna
651 1497 753 1573 relata
768 1528 842 1573 meo
860 1519 918 1574 est.

196 1617 260 1693 His
276 1642 412 1717 precor,
430 1631 528 1713 atque
545 1611 619 1685 aliis
636 1610 765 1711 possint
781 1629 836 1684 tua
853 1613 988 1686 numina
1003 1612 1104 1705 ssecti,

247 1735 280 1807 0
298 1748 405 1832 pater,
423 1758 444 1802 o
459 1727 573 1828 patria
588 1755 665 1801 cura
682 1724 835 1827 salusque
852 1744 932 1813 tuae3

198 1848 275 1919 Non
292 1843 380 1916 utin
398 1839 735 1928 Ausoniamredeam,
753 1840 819 1914 nisi
832 1839 969 1914 forsitan
985 1840 1079 1932 olim,
1202 1865 1251 1938 ⁵75

246 1961 361 2057 Quum
376 1955 478 2053 longo
496 1983 600 2057 poenae
613 1975 759 2057 tempore
773 1957 878 2030 victus
893 1956 967 2031 en's.

196 2073 319 2153 Tutius
336 2070 507 2157 exsilium,
525 2069 691 2172 pauloque
709 2070 852 2171 quietius
870 2099 948 2159 oro,

236 2191 295 2265 ·Ut
310 2215 371 2289 par
387 2185 506 2261 delicto
523 2186 567 2260 sit
584 2215 656 2261 mea
672 2213 770 2288 poena
785 2215 856 2262 suo.

198 2376 336 2444 Adspicets
352 2371 438 2427 multi.
456 2371 533 2427 Unus
549 2370 701 2438 Adspicias,
749 2371 844 2426 diderit
851 2370 944 2439 Mure,
955 2370 1251 2441 repertusego.»Totus

199 2463 268 2507 recte
278 2474 285 2515 ;
296 2461 322 2504 et
334 2448 433 2505 adnot.
748 2447 819 2502 locus
829 2467 884 2501 non
896 2448 1049 2502 inconcinne
1060 2448 1097 2500 sic
1107 2449 1254 2503 constitue-

230 2530 286 2582 565.
306 2528 435 2580 Conditus
452 2546 470 2577 a
485 2528 582 2577 salibus
596 2523 703 2591 suffiesr's
751 2536 794 2579 tur
806 2544 812 2578 :
824 2549 836 2571 α
847 2527 1000 2581 luterenim
1008 2525 1095 2596 popuii
1105 2536 1143 2579 tot
1153 2528 1254 2595 scriptis
1268 2582 1272 2586 ,
1339 2538 1360 2589 ,f

190 2604 256 2673 fille
271 2601 357 2671 νείκεϊ.
376 2601 460 2653 tome
474 2600 515 2652 hic
529 2618 584 2652 non
599 2600 702 2655 videtur
749 2602 829 2656 millia
839 2602 1050 2671 nostris‚Quem
1063 2622 1121 2656 mea
1134 2602 1254 2674 Calliope
1313 2624 1329 2659 .“

198 2700 288 2737 sanus:
300 2675 414 2746 suffusos
424 2674 517 2738 nutriti,
529 2696 548 2727 a
556 2682 632 2730 nimio
643 2679 702 2747 sas-
749 2678 855 2746 laeserit,
863 2700 931 2733 unus
939 2698 1003 2748 ego;
1018 2701 1032 2726 a
1041 2680 1110 2734 inter
1119 2680 1207 2749 popuii
1214 2691 1255 2734 tot

190 2754 509 2829 lusosfelletrerveteres·
518 2753 701 2822 Hamburgen-
749 2755 844 2823 millia,
858 2776 937 2827 quern
947 2757 1039 2812 laeserit
1047 2758 1147 2828 scriptis
1158 2762 1255 2817 nostrie

196 2837 231 2890 sir
246 2837 350 2887 omerio
364 2828 478 2897 suffusos
482 2828 562 2898 selle,
575 2828 620 2882 sed
632 2831 701 2899 apud
749 2853 809 2888 mea
818 2828 1087 2906 &timentium
1097 2856 1163 2891 eum.
1174 2837 1211 2890 H.
1269 2823 1275 2835 ’

199 2911 360 2975 Ausonium,
371 2906 461 2962 Carm.
469 2907 510 2962 IV
520 2907 548 2960 in
556 2908 700 2976 Rhetoras,
781 2914 846 2982 ⁵7¹·'
856 2908 1006 2983 One-piu
1018 2915 1254 2984 imminenti.

197 2991 277 3044 habet
297 2989 397 3040 Sale'bus
413 2988 539 3038 modestus
548 2982 615 3051 [elle
633 2988 702 3038 nullo
749 2988 890 3043 Irmllasse
903 2989 1031 3044 meteres.
1052 2996 1106 3061 Οὐχ
1125 2996 1174 3055 tec‘r
1187 3010 1254 3046 xe«-

192 3073 307 3139 perlt‘lt‘st
319 3067 354 3121 ita
361 3067 433 3120 enim
440 3084 471 3118 ex
478 3060 703 3116 veteri'iibrossri-
749 3071 850 3133 pinotere
859 3067 894 3120 ἔπ’
905 3069 1013 3144 riodptirra
1023 3073 1187 3138 eizreeioerdoeu
1199 3071 1254 3124 Ho-

197 3147 333 3201 bendum:
347 3142 467 3214 sequenti
482 3159 558 3195 versu
571 3158 618 3210 pro
629 3143 703 3192 litera
750 3161 815 3196 mer.
828 3143 922 3216 Odyss.
937 3155 974 3209 x,
989 3166 1054 3200 vers
1067 3150 1122 3212 412.

198 3232 287 3288 ma'sta,
305 3225 412 3296 quidam
427 3221 520 3276 vetusti
539 3225 642 3284 vincta,
661 3218 702 3271 vel
783 3227 837 3294 ⁵7²·
852 3225 910 3276 Meo
920 3229 1027 3278 candori
1032 3243 1042 3289 ,²
1061 3226 1171 3279 verbnm
1184 3245 1253 3279 car-

192 3302 292 3368 jurcta.
305 3303 384 3354 Forte
395 3307 483 3355 tracta.
498 3299 534 3351 H.
749 3300 824 3352 didus
835 3298 902 3369 apud
915 3299 985 3354 hrruc
995 3303 1078 3370 ipsum
1090 3314 1193 3371 poetam
1203 3321 1254 3355 smu

230 3378 287 3431 666.
297 3378 497 3442 Venemojoco.
509 3375 628 3429 Mordaci
636 3375 701 3444 joco.
750 3378 852 3447 pissime
865 3376 948 3446 legem
961 3390 989 3431 et
1002 3378 1069 3448 apud
1082 3380 1147 3432 Hor.
1158 3380 1185 3431 in
1202 3379 1251 3449 Ep.

232 3456 288 3523 557.
300 3458 348 3508 Tot
358 3457 536 3522 scnjrtim‘ttaa
546 3461 631 3507 nostri.
643 3454 702 3506 Ta·
751 3456 778 3519 1,
787 3471 815 3506 tv
826 3475 853 3508 :a
861 3454 933 3519 Atti,
941 3466 1091 3508 nostrorum
1098 3473 1252 3510 sermonum

199 3532 297 3601 naquii.
304 3532 397 3597 Faber,
409 3530 457 3600 Ep.
468 3544 590 3594 xxxvm,
600 3531 702 3584 volebat
749 3530 858 3585 candide
869 3530 954 3600 judex.
963 3553 977 3576 ν
990 3530 1070 3599 Quod
1079 3529 1185 3600 quidem
1197 3552 1253 3585 ver·

200 3610 308 3679 corrigi,
320 3619 358 3663 tot
366 3613 481 3676 scn'pre's,
494 3608 586 3667 millu,
601 3613 702 3659 uostris.
749 3607 826 3673 bum,
840 3627 871 3662 co
880 3628 958 3662 sensu
966 3608 1080 3678 ipsorum
1089 3619 1163 3661 erare
1175 3629 1254 3666 usur-

233 3688 290 3743 568.
304 3690 375 3741 Unus
384 3705 434 3740 ero.
449 3684 520 3737 Unus
530 3700 576 3750 ero
587 3684 702 3753 quinque
750 3685 804 3754 pari
817 3695 931 3754 coeptum
944 3707 997 3741 esse
1008 3688 1108 3755 opinor.
1125 3685 1204 3744 Clor.
1227 3676 1233 3698 ¹

202 3774 314 3832 veterem
326 3765 362 3818 rie
373 3772 433 3817 autc
442 3781 449 3815 :
459 3784 474 3809 ιι
486 3761 577 3829 Quem
588 3777 633 3812 sua
644 3780 703 3830 per·
784 3762 839 3830 576.
850 3764 910 3817 Eris
922 3771 1009 3818 uictus.
1023 3764 1081 3817 Eris
1092 3763 1211 3834 piscatus.

604 3939 837 3965 ...o-...-
