2722 4702
243 347 334 418 ‘ex
357 348 540 416 rouro
563 350 664 416 ΜΒ.
690 348 756 414 1v.
784 348 957 417 enisu.
983 351 1075 417 v11.
1136 351 1204 442 439

189 491 373 566 Poeniceum
393 490 510 566 Getico
526 489 685 585 sanguine
699 488 778 562 fecit
795 516 924 590 aquam.
1168 528 1201 565 20

140 607 219 678 Non
237 622 335 700 neget
351 606 534 705 AEgypsos,
555 631 641 704 quae,
660 620 692 674 te
710 603 890 690 subeunte,
909 621 1039 705 recepta

190 722 302 794 Sensit
317 721 352 794 in
369 720 504 815 ingenio
520 718 568 793 nil
586 720 660 820 opis
678 745 747 792 esse
765 716 840 791 loci.

140 839 226 910 Nam
243 836 400 922 dubium,
418 837 530 938 positu
546 835 663 909 melius
679 834 813 910 defensa
827 862 983 923 manuve,

193 953 285 1028 Urbs
302 949 369 1027 erat
387 955 421 1026 in
437 980 566 1028 summo
582 952 733 1026 nubibus
750 979 841 1051 aequa
856 951 947 1050 jugo.

143 1068 300 1142 Sithonio
318 1069 387 1163 regi
403 1071 492 1143 leros
509 1070 726 1169 interceperat
741 1066 832 1140 illam

192 1182 329 1270 Hostis,
349 1200 381 1256 et
397 1200 527 1284 ereptas
541 1183 649 1255 victor
664 1181 807 1255 babebat
820 1208 916 1282 opes.

144 1302 258 1374 Donec
272 1299 426 1374 lluminea
445 1301 577 1375 devecta
595 1297 751 1373 Vitellius
766 1297 857 1371 unda

191 1412 329 1502 Intulit,
343 1416 496 1516 exposito
510 1414 633 1501 milite,
651 1414 744 1510 signa
763 1408 867 1487 Getis.

145 1531 189 1604 tlt
206 1531 287 1619 tibi,
305 1532 481 1635 progenies
498 1530 556 1605 alti
573 1530 753 1605 fortissima
769 1531 898 1618 Dauni,

158 1726 165 1743 ‚
193 1646 294 1719 Venit
309 1647 344 1721 in
360 1647 514 1721 adversos
531 1646 675 1746 impetus
692 1645 739 1719 ire
757 1645 855 1718 viros.
1175 1667 1209 1719 ss

145 1764 212 1836 Nec
228 1790 342 1856 moca3
361 1765 561 1864 conspicuus
579 1763 677 1858 longe
694 1759 901 1855 fulgentibus
918 1760 1037 1850 armis,

192 1875 306 1948 Fortia
322 1903 363 1948 ne
375 1877 508 1975 possint
521 1875 606 1949 faeta
622 1873 741 1961 latere,
755 1901 848 1947 caves
863 1903 870 1945 :

146 1990 345 2091 Ingentique
362 1991 465 2086 gradu
482 2009 600 2065 eontra
618 1993 806 2089 ferrumque
821 1987 1017 2089 locumque,

194 2108 345 2207 Saxaque
363 2104 504 2180 brumali
521 2104 680 2201 grandine
695 2104 811 2207 plura,
829 2102 933 2177 subis.

147 2225 214 2298 Noe
235 2242 265 2298 te
277 2225 380 2319 missa
398 2207 501 2324 super
515 2221 703 2321 jaculorum
713 2222 813 2296 turba
831 2237 996 2321 moratur,
1177 2245 1210 2296 35

194 2343 263 2413 Nec
283 2368 355 2440 quae
370 2340 503 2439 vipereo
524 2337 589 2413 tela
604 2365 722 2414 eruore
738 2337 879 2412 madent.

146 2495 185 2564 pis
202 2494 305 2548 hostem
323 2494 387 2548 vidit
406 2493 607 2565 insequentem,
626 2506 655 2548 et
702 2493 929 2564 oppidiademptes
937 2490 1072 2560 oppidanis
1081 2491 1211 2559 eiectis.-

146 2573 329 2628 trucidantem.
703 2574 741 2625 Et
749 2577 835 2624 victor,
844 2571 880 2624 Et
891 2571 971 2624 bostis
978 2569 1062 2634 Geta,
1078 2569 1122 2637 qui
1133 2570 1211 2638 oppi-

181 2656 358 2707 roPum'ceam
367 2657 488 2721 sangnc'ne
494 2656 593 2707 Getico.
601 2650 654 2705 nu·
697 2650 767 2703 ‘dum
781 2649 843 2702 illud
854 2658 1052 2718 expugnaverat.
1066 2646 1170 2701 Mrcrr„
1258 2676 1263 2683 ⁴

148 2729 220 2782 bram
231 2730 315 2784 hostili
327 2742 353 2784 et
362 2729 457 2784 Getico
468 2749 570 2783 cruore.
737 2751 775 2793 ²7·
785 2732 916 2783 Humeirea
923 2733 999 2783 unda.
1006 2726 1086 2784 Unda
1096 2726 1156 2782 lstri
1164 2725 1212 2781 flu·

180 2831 219 2863 αι.
231 2814 287 2863 Non
297 2820 370 2876 reget
381 2812 515 2881 AEgypsos.
525 2807 594 2860 Vide
609 2826 655 2860 no·
703 2808 790 2862 minis.
802 2837 835 2850 -
851 2810 976 2862 chlle'us,
987 2807 1066 2863 Forte
1079 2806 1111 2860 Α.
1125 2805 1213 2860 Vitel-

149 2896 187 2941 tas
199 2889 240 2940 lib.
255 2889 281 2951 l,
297 2886 370 2955 Eleg.
383 2901 453 2953 vm,
471 2906 507 2939 vs.
523 2887 560 2938 13.
574 2884 610 2938 H.
623 2913 656 2925 -·
703 2884 768 2951 lius,
788 2896 896 2953 patruus
908 2882 1018 2940 Ceteris
1030 2882 1146 2950 Vitellii,
1166 2886 1211 2955 q'ui

149 2963 277 3034 AEgypsos
300 2961 425 3031 oppidum
448 2962 655 3015 munitissimum
704 2962 870 3016 consulatum
883 2962 959 3034 gessit
970 2963 1019 3016 sub
1032 2961 1156 3029 Tiberio,
1169 2983 1212 3016 an.

148 3039 200 3092 suit
213 3040 239 3091 in
253 3038 374 3110 Scythia,
386 3041 414 3092 in
424 3058 529 3093 summo
539 3038 610 3094 collis
617 3059 656 3092 ar·
704 3036 740 3092 U.
755 3036 786 3092 C.
801 3053 957 3100 nccxxc1v3
975 3039 1025 3093 nisi
1037 3038 1070 3091 ad
1082 3039 1111 3091 L.
1124 3038 1211 3094 Vitel-

150 3115 204 3168 dui.
215 3114 312 3169 Sensus
323 3115 414 3186 planus
422 3127 460 3171 est
470 3136 502 3170 ex
509 3117 539 3170 iis
547 3134 606 3186 quce
615 3135 656 3170 se·
703 3118 768 3172 lium
779 3129 880 3189 petrem
892 3118 992 3173 referre
1003 3118 1132 3173 mavis—
1139 3121 1212 3173 latu-

152 3193 655 3264 quuntur.NamaGetisintereeptam,
703 3188 742 3248 Iit.
763 3194 835 3248 Bella
853 3195 962 3262 intulit,
987 3205 1014 3248 et
1034 3215 1095 3250 cunr
1114 3196 1211 3252 versslis

151 3290 180 3323 ac
193 3272 247 3342 regi
260 3271 377 3325 Thracia
392 3271 558 3340 ademptam,
577 3286 657 3326 reeu-
705 3270 833 3327 Romanis
853 3291 885 3325 eo
905 3276 1014 3325 venerat
1033 3283 1213 3344 pugnaturus:

151 3360 268 3419 peratum
284 3367 345 3402 mor
354 3347 454 3404 Vitellii
470 3367 550 3420 opera
564 3358 592 3403 et
610 3358 657 3402 atr-
705 3350 865 3405 namvexilla
875 3359 901 3404 et
910 3360 1033 3417 armatos,
1041 3351 1157 3407 secundo
1165 3350 1214 3407 flu·

151 3427 211 3482 rilio
222 3427 284 3481 dicit
297 3447 304 3480 ι
315 3428 341 3480 in
354 3445 404 3498 qua
418 3427 617 3497 recuperatione
628 3446 658 3482 ac
705 3429 777 3482 mine
786 3448 833 3494 ,er
841 3426 959 3482 finitimis
969 3428 1031 3482 loeis
1042 3427 1199 3500 deportavit.

150 3505 657 3577 pugna,Vestalemqnoquepraeclaram
699 3524 704 3531 ·
735 3506 1215 3579 solmeriaaltisortslcsimaDonm'.

151 3603 258 3655 operam
270 3575 376 3640 navasse
391 3584 486 3638 innuit.
497 3583 602 3636 Mrcn.
708 3582 831 3654 Ignotum
847 3583 897 3637 boc
909 3603 1016 3638 nomen.
1029 3586 1125 3641 Domni
1136 3587 1215 3642 Polit.

185 3664 224 3715 23.
244 3665 361 3717 Maroae.
383 3661 427 3715 Λα·
450 3658 658 3731 propugnatoli-
707 3672 734 3716 et
746 3674 806 3717 octo
815 3662 924 3727 alii3ser
932 3664 1017 3730 noni,
1026 3662 1079 3719 tre's
1087 3668 1215 3736 nampucs

154 3741 215 3803 bus;
231 3745 302 3809 quasi
313 3743 396 3808 dicat,
410 3752 437 3796 et
450 3751 543 3794 natura
555 3739 619 3813 loci,
631 3746 658 3794 et
708 3740 819 3795 totidem
834 3742 932 3794 Dauni.
950 3740 1041 3796 Scribe
1055 3745 1215 3798 Darm'cum

153 3816 309 3871 validissimo
320 3819 442 3887 prasidio
447 3817 544 3888 pariter
556 3816 617 3871 urbs
627 3830 660 3870 ea
707 3835 763 3887 uno
775 3817 922 3885 Vossiano,
935 3818 964 3871 ut'
976 3818 1009 3872 ad
1017 3818 1105 3875 Turni
1115 3830 1214 3890 patrem

155 3892 263 3945 devicta.
276 3893 379 3947 Mtcn.
709 3894 870 3949 Rutulorum
881 3915 971 3966 regem
983 3898 1110 3967 respiciat.
1122 3894 1158 3947 Η.
1171 3887 1174 3892 ’

189 3972 228 4021 25.
240 3970 354 4022 Sithonio
371 3977 428 4038 νηί.
445 3971 511 4040 llegi
524 3968 658 4025 Thr-eia:
741 3975 781 4040 34.
793 3975 917 4042 Saxaque.
927 3975 962 4028 Et
971 3987 1063 4029 contra
1073 3988 1146 4034 sara,
1158 3989 1216 4039 que

154 4060 193 4103 est
204 4049 277 4101 enim
288 4047 409 4102 Sithonia
418 4067 476 4116 pars
485 4047 612 4102 Thraciae.
709 4069 723 4103 e
734 4050 861 4120 superiori
872 4050 928 4105 loeo
939 4051 1073 4104 cadebant.
1084 4073 1118 4086 -
1129 4048 1217 4100 Plura.

188 4126 227 4181 ab.
239 4128 347 4195 Emptas
353 4143 419 4193 opes.
432 4122 541 4178 Divitias
552 4125 659 4197 AEgypsi
710 4125 906 4182 Numerosiora.
918 4152 951 4166 -
963 4125 1044 4175 setes.
1059 4120 1210 4176 Adscendis.
