2722 4702
283 339 350 406 tx
373 338 553 407 PONTO
577 341 679 408 LIB.
705 344 784 409 111.
810 344 973 413 EPIST.
1000 348 1069 416 1v.
1141 351 1207 440 399

195 479 231 550 Si
251 477 333 551 duce
347 507 415 551 non
430 479 515 553 lacta
531 498 581 554 est
598 479 695 577 digna
713 511 834 557 corona
853 489 936 560 suo?

147 598 332 697 Deprecor,
348 596 419 668 ltaec
437 614 546 668 vatum
563 615 679 670 contra
697 625 755 671 sua
771 600 913 674 carmina
930 631 970 678 ne
989 605 1062 705 quis
1175 631 1208 681 uf·

195 710 291 784 Dicta
307 727 403 810 putet
419 740 427 781 :
441 739 505 810 pro
520 739 555 784 se
573 714 673 787 Musa
689 711 799 788 locuta
817 743 887 790 mea
907 736 965 792 est

147 829 232 902 Sunt
248 827 330 900 mihi
346 827 515 900 vobiscum
532 830 719 904 communia
735 858 845 916 sacra,
863 850 988 931 poetae,

192 945 231 1016 In
248 962 358 1017 vestro
375 943 503 1016 miseris
520 944 549 1017 si
568 942 643 1018 licet
659 973 729 1020 esse
747 945 861 1020 choro.

146 1061 334 1159 Magnaque
349 1085 426 1158 pars
443 1059 557 1131 anima
572 1086 701 1132 meeum
715 1061 858 1148 vixistis,
873 1063 991 1137 amici:

192 1175 263 1246 Hac
279 1199 341 1267 ego
359 1201 429 1244 non
444 1172 563 1246 absens
580 1203 639 1248 vos
657 1203 791 1276 quoque
807 1194 900 1275 parte
920 1177 1003 1250 eolo.

147 1289 221 1362 Sint
235 1288 337 1384 igitur
354 1306 463 1362 cestro
480 1318 552 1364 mea
570 1293 795 1366 commendata
812 1292 916 1366 lavari
938 1318 941 1328 ’

194 1405 361 1494 Carmina,
379 1435 448 1479 non
465 1434 602 1508 possum
621 1434 682 1507 pro
701 1407 824 1507 quihus
841 1407 912 1507 ipse
927 1406 1029 1508 loqui.

147 1520 273 1621 Scripta
289 1520 454 1622 placenta
473 1539 579 1596 morte
596 1522 662 1596 sere
676 1555 684 1595 ε
700 1523 778 1623 qnia
794 1523 908 1599 laedere
927 1524 1018 1600 vivos

109 1668 121 1677 ·
192 1637 309 1724 Livor,
325 1656 359 1711 et
374 1639 499 1738 injusto
519 1666 650 1738 carpere
669 1637 766 1712 dente
783 1637 877 1712 solet.

147 1750 181 1822 si
198 1781 301 1846 genus
317 1771 365 1826 est
383 1755 499 1828 mortis
516 1754 601 1828 male
617 1754 743 1840 vivere,
761 1770 848 1827 terra
863 1772 1030 1842 moratur,

193 1870 240 1938 Et
254 1866 373 1940 desunt
390 1869 465 1944 latis
481 1869 551 1944 sola
567 1868 717 1971 sepulcra
733 1869 824 1944 meis.

147 1983 302 2085 Denique
319 2012 404 2084 opus
418 2005 539 2061 nostrae
554 1987 708 2088 culpetur
723 2003 762 2059 ut
778 1985 927 2085 undique
943 2015 1044 2072 curae,

196 2097 353 2172 Officium
370 2126 485 2185 nemo,
505 2101 562 2200 qui
579 2098 815 2202 reprehendat,
834 2098 905 2170 erit.

146 2214 192 2286 Ut
207 2213 316 2288 desint
333 2212 440 2298 vires,
460 2229 566 2285 tamen
583 2232 634 2288 est
648 2212 811 2288 laudanda
829 2210 1002 2286 voluutas:

191 2330 263 2400 llac
280 2356 341 2424 ego
359 2344 535 2400 contentos
550 2355 694 2423 auguror
710 2355 780 2402 esse
800 2329 900 2403 Dens.
1173 2353 1208 2406 80

145 2447 223 2519 llaec
237 2444 333 2535 lacit,
351 2428 390 2520 ut
403 2445 511 2520 veniat
526 2473 653 2546 pauper
669 2475 802 2548 quoque
820 2465 932 2542 gratus
947 2445 991 2521 ael
1005 2470 1096 2532 arat,

191 2564 234 2635 Et
251 2561 378 2663 placeat
396 2590 480 2636 caeso
495 2590 565 2635 non
583 2561 693 2637 minus
711 2591 794 2673 agna
810 2563 905 2636 bove.

142 2758 172 2814 a'e
180 2763 308 2834 repetitio.
320 2761 529 2828 ammeca
539 2762 593 2815 hc
601 2781 650 2816 aa·
696 2765 802 2819 videtur
811 2764 1037 2820 Francolurtensis
1046 2762 1103 2817 libri
1111 2761 1201 2829 lectio,

141 2851 200 2893 tana.
216 2840 260 2895 Ne
272 2849 349 2906 poeta
360 2839 479 2892 videatur
490 2846 597 2906 questu·
615 2837 649 2890 (lc
696 2845 756 2896 Hac
765 2862 859 2911 qaoque
870 2862 919 2894 nan
928 2847 1019 2897 absens
1029 2861 1074 2895 vas
1082 2852 1203 2909 agapam

143 2917 435 2987 poetis,quihujusmodi
444 2936 548 2986 quoque
557 2917 650 2971 triurn-
696 2925 771 2982 cola,·
786 2920 835 2973 nisi
848 2920 918 2990 quod
929 2921 1086 2990 transpositis
1098 2919 1202 2972 vocibus

143 2998 225 3066 plnum
237 2997 403 3065 scripserant,
420 2996 462 3049 hic
473 3016 499 3049 se
513 3006 624 3049 excusat.
696 2998 799 3061 malim,
812 3000 920 3066 Haccgo
930 3019 979 3052 nnn
989 3003 1081 3051 absens
1089 3015 1203 3063 nosqua-

176 3075 217 3127 66.
234 3077 284 3127 Pro
294 3094 329 3127 se.
342 3075 394 3129 Pro
403 3073 513 3126 utilitate
524 3092 583 3140 cua,
593 3092 647 3128 non
695 3096 741 3147 que
747 3087 820 3143 parte
831 3081 901 3139 colas
921 3077 1007 3129 anima
1021 3094 1074 3128 non
1093 3077 1200 3140 absens,

145 3161 174 3204 ut
186 3150 299 3219 aliquem
313 3151 455 3219 culparent·
695 3153 740 3208 sed
758 3171 884 3221 pratens,
909 3152 967 3206 licet
980 3173 1089 3222 corpore
1102 3153 1200 3218 absim,

175 3229 216 3297 67.
233 3232 377 3287 Communia
389 3248 471 3282 sacra.
484 3227 556 3296 Quia
564 3236 648 3295 poete
695 3252 739 3286 vos
749 3233 812 3286 eolo.
826 3231 923 3284 Bran.

143 3328 237 3363 omnes
245 3320 306 3362 sunt
319 3309 409 3362 Phoebi
416 3308 577 3371 sacerdotes,
588 3306 647 3358 ideo
729 3331 767 3378 pr.
784 3314 871 3362 Vestro
885 3329 941 3361 nen
952 3311 1149 3364 commendanda
1150 3309 1201 3375 sa-

144 3388 200 3455 eius
220 3406 290 3440 sacra
311 3397 371 3441 aunt
394 3387 442 3439 illis
461 3404 522 3439 cum
549 3383 647 3437 ovidio
693 3407 757 3441 nore.
778 3388 869 3439 Malim
880 3386 1022 3453 sanoni,et
1039 3388 1103 3441 sica
1120 3406 1201 3441 manu

142 3464 221 3518 etiarn
234 3476 309 3533 poeta
322 3463 480 3517 communia.
693 3464 807 3518 secunda
822 3463 1020 3516 Arondelianus.
1035 3464 1071 3517 ll.

172 3545 212 3615 69,
229 3545 374 3613 Magnaque
379 3563 441 3609 pars
451 3546 538 3594 aneni.
549 3540 647 3591 Ann'm
729 3544 766 3611 73.
780 3547 844 3608 Quia
855 3545 943 3593 ledere
954 3547 1024 3594 m'nns
1031 3544 1099 3594 linat.
1107 3541 1150 3597 Sic.
1157 3542 1201 3596 ali-

142 3622 306 3675 scribendum
316 3639 377 3677 cunt
387 3639 430 3674 aex
440 3620 553 3686 scriptia
562 3620 647 3669 anim
694 3621 737 3683 bi,
755 3624 875 3674 Pascitur
882 3627 909 3673 r'n
922 3626 986 3673 nan
998 3625 1069 3684 lenna,
1075 3623 1201 3691 postlata

146 3697 253 3765 Argent.
265 3714 291 3755 et
300 3702 417 3771 quinque
425 3697 647 3763 atim-Magna
694 3706 807 3769 quiescit.

140 3793 203 3841 pars
218 3782 300 3829 anati.
319 3780 404 3832 Amici
423 3778 495 3830 enim
516 3776 648 3842 eleganter
728 3782 766 3846 75.
783 3779 979 3830 serranorum.
992 3776 1147 3847 Sepulcrum
1156 3791 1198 3826 me

144 3873 216 3908 nunc
229 3872 303 3922 pars,
317 3877 389 3911 nunc
400 3856 539 3911 dimidium
553 3856 646 3908 auimo
694 3864 830 3921 exspectat.

142 3935 288 3986 amicorum
303 3953 356 3986 esse
368 3933 499 3988 dicuntur.
729 3952 767 4000 77.
786 3935 856 3999 Opas
874 3945 963 3987 nostra
977 3955 1048 3988 care.
1061 3932 1141 3995 opus
1149 3923 1199 3975 1¹00

178 4032 217 4082 7⁰·
231 4014 290 4064 Hac
301 4032 346 4078 ego
357 4029 402 4062 vos
411 4017 503 4065 absens
514 4030 579 4063 nanc
586 4030 648 4078 quo-
694 4009 727 4063 de
735 4011 869 4081 triumpho
880 4012 907 4066 in
917 4032 969 4083 quo
978 4023 1098 4078 magnam
1107 4018 1197 4054 curam

143 4088 647 4159 qaeparlecalo.Elegantiorntultumihi
695 4088 808 4147 adhibui.
