2722 4702
175 283 239 350 328
449 274 489 345 P.
518 276 696 344 ovmtt
716 271 945 348 NASONIS

176 424 224 494 Ut
238 419 304 492 fera
320 417 472 490 nimboso
492 433 682 491 tumuerunt
699 444 828 517 aeqnora
842 434 957 508 vento,

226 538 265 608 ln
284 532 399 608 mediis
415 532 516 606 lacera
534 560 644 633 puppe
662 531 832 633 relinquor
847 533 953 631 aquis.

179 650 358 750 Quumque
376 648 431 720 alii
449 648 555 721 nolint
573 646 667 734 etiam
687 676 737 721 me
753 676 849 722 nosse
866 647 991 730 videri,

232 764 291 836 tix
311 764 378 835 duo
396 762 544 863 projecto
563 780 665 836 tresve
684 763 805 838 tulistis
822 791 927 865 opem.
1204 787 1237 838 so

182 884 334 981 Quorum
352 899 389 954 tu
408 880 578 980 princeps:
593 908 652 953 nec
667 881 753 953 enim
770 907 879 955 comes
896 907 981 965 esse,
999 877 1058 951 sed
1076 898 1208 969 auctor,

230 1004 299 1073 Nec
318 1017 426 1099 petere
442 997 643 1096 exemplum,
661 997 717 1070 sed
735 998 811 1072 dare
827 997 946 1092 dignus
963 1023 1044 1069 erae.

183 1119 251 1205 Te,
267 1113 352 1187 nihil
368 1131 509 1197 exacto,
527 1112 588 1186 nisi
609 1141 678 1185 non
694 1139 863 1212 peccasse,
880 1112 1058 1199 ferentem,

235 1234 361 1332 Sponte
377 1256 432 1302 sua
451 1228 601 1329 probitas
617 1227 825 1329 officiumque
841 1229 962 1326 jurant.

186 1377 253 1447 apud
264 1388 358 1446 poetas.
369 1377 510 1429 lt-Am
520 1378 644 1433 secunda:
655 1375 691 1429 sic
739 1386 778 1428 est
787 1394 834 1445 per
843 1375 895 1428 vim
903 1373 997 1442 aliquid
1009 1384 1106 1444 petere.
1114 1371 1178 1437 Vei,
1184 1392 1244 1439 pec·

187 1460 288 1521 Horat,
297 1457 338 1509 tib.
348 1457 369 1519 Ι,
380 1473 459 1508 carm.
469 1454 554 1520 ote,
565 1474 628 1508 vers.
642 1475 668 1507 ιι
678 1473 685 1506 :
739 1475 813 1509 casse
827 1465 930 1515 exacto,
951 1453 999 1508 boc
1010 1464 1062 1518 eet,
1074 1453 1183 1522 pervim
1197 1472 1242 1505 er-

189 1558 203 1582 ιι
215 1537 316 1588 nescius
327 1553 395 1588 anre
407 1533 532 1586 fallacis.»
739 1551 807 1585 rasse
822 1551 828 1584 :
841 1532 913 1602 quasi
930 1530 1051 1601 eliquari
1071 1548 1113 1582 me
1128 1529 1160 1582 ad
1179 1549 1244 1597 pec·

217 1609 691 1679 27.Tumeeeuntaequoraoeeto.Unos
740 1608 852 1661 candum
876 1609 1019 1676 impulsum.
1037 1606 1086 1660 Vei
1104 1625 1242 1676 peccasse,

188 1689 263 1739 Voss.
276 1693 350 1744 nolo:
368 1705 437 1738 unus
452 1684 589 1739 ttatntem.
602 1689 693 1738 morbo.
740 1696 847 1738 exacto.
865 1687 961 1740 sciticet
977 1695 1109 1754 tempore,
1125 1682 1176 1736 boc
1187 1693 1243 1748 est,

188 1764 269 1816 Forte
282 1764 352 1815 Com.
367 1760 466 1815 tinus.
740 1763 881 1833 preterito.
899 1762 951 1817 Atii
967 1762 1054 1832 tegunt
1074 1781 1107 1815 ετ
1119 1771 1177 1815 acto
1195 1760 1247 1814 boc

222 1842 260 1892 28.
275 1841 349 1891 Nave.
365 1840 450 1905 Puppe
462 1858 492 1892 ex
503 1847 615 1906 quatuor
624 1836 695 1890 tibris
742 1850 780 1893 est
792 1879 799 1904 ,
813 1839 919 1893 exsecto
931 1851 1034 1894 tantum
1044 1859 1177 1909 metasse,
1191 1857 1245 1891 non

72 1914 89 1937 ⁸·
191 1917 315 1972 Heinsius
328 1917 408 1972 dedit.
743 1919 884 1973 solentne.
896 1918 1016 1973 Pou-
1022 1920 1148 1988 Egoputo
1159 1936 1247 1971 veram

224 2016 262 2067 29·
279 1999 359 2048 Nosse
363 1998 451 2064 fateri.
470 1999 559 2049 bi'derr'
568 1994 696 2049 meliores.
744 1997 882 2050 lectionem
895 2007 920 2050 et
929 1998 1086 2050 sententiam
1096 2016 1110 2048 a
1120 1992 1248 2049 Burman·

223 2075 263 2127 33.
281 2077 326 2130 Te.
342 2078 515 2128 m'he'leeacto.
526 2079 698 2139 neiieonpec-
746 2094 782 2129 no
792 2075 895 2130 tandem
908 2085 1038 2144 repertam
1050 2096 1056 2130 a
1070 2073 1248 2142 cujusbaecest

191 2172 267 2209 casse
277 2155 410 2225 finalem.
428 2155 511 2207 Locus
535 2152 700 2207 mendosissi·
746 2166 826 2208 nota:
838 2153 935 2206 dixerat
946 2164 973 2206 et
986 2163 1093 2221 questus
1109 2162 1163 2205 erat
1178 2151 1249 2206 Ovi-

195 2252 271 2296 mus3
283 2250 333 2289 nec
344 2235 435 2303 juvant
447 2234 503 2286 libri
517 2245 636 2288 veteres:
651 2231 699 2284 nisi
748 2231 821 2297 dius,
835 2232 970 2299 pterosque
984 2230 1123 2283 amicitiam
1137 2251 1168 2283 er
1183 2228 1252 2282 utiti-

197 2312 267 2380 quod
282 2330 321 2364 me
334 2330 383 2381 pro
398 2331 443 2364 noe
458 2311 485 2362 in
499 2311 639 2365 nonnuliis
647 2311 701 2362 Te·
749 2320 800 2363 tate
812 2310 934 2374 coluisse,
951 2318 977 2361 et
989 2327 1015 2360 se
1027 2307 1160 2361 desertnm
1176 2308 1208 2362 ab
1220 2308 1252 2361 it-

196 2389 311 2456 naquitto
332 2388 417 2441 tetro
435 2387 462 2438 iu
481 2388 599 2454 Epistotie
617 2403 702 2453 nuper
751 2386 794 2452 tis,
807 2405 883 2454 quam
899 2387 1012 2454 primurn
1026 2383 1161 2438 adflictum
1178 2385 1253 2438 vidis·

197 2466 287 2528 editis,
304 2464 440 2515 videbatur
452 2463 619 2523 scribendum
635 2478 702 2513 esse:
750 2476 828 2517 sent:
845 2463 989 2515 Maximum
1006 2480 1070 2515 seeo
1084 2473 1251 2527 constanter,

199 2565 213 2589 e
223 2543 280 2603 Te,
295 2536 358 2591 nihil
371 2557 400 2589 ex
413 2545 487 2600 acto,
507 2537 555 2590 nisi
574 2547 598 2588 te
611 2536 703 2591 fecisse
750 2543 827 2597 etiam
840 2541 866 2591 in
880 2538 1009 2604 adversis,
1024 2539 1140 2593 officium
1156 2542 1256 2610 prati·

200 2613 702 2691 petentem,·›quamilterutigetionem
751 2619 825 2680 tine,
840 2616 900 2684 qnia
911 2615 992 2686 ipram
1007 2619 1131 2672 virtutem
1142 2619 1180 2671 sui
1192 2638 1256 2687 pre-

200 2715 273 2752 suam
292 2693 407 2764 pluribus
424 2690 546 2745 adstruxit
565 2690 591 2742 in
612 2691 702 2744 iisdem
752 2696 816 2748 tium
832 2692 969 2757 credebat,
991 2714 1040 2748 nec
1057 2694 1166 2749 utilitate
1181 2690 1256 2745 emi-

202 2773 332 2843 Epistolis.
346 2772 397 2824 Sed
410 2769 564 2824 inconcinna
578 2780 617 2823 est
628 2790 705 2839 repe-
752 2771 823 2824 citias
843 2772 968 2841 probabat
985 2792 991 2823 ε
1013 2793 1092 2841 qnare
1116 2769 1255 2840 tegendum

203 2856 261 2908 titio
273 2864 311 2907 est
327 2853 367 2902 Te.
381 2849 453 2916 Quid
465 2848 486 2901 si
498 2848 626 2918 reponas?
641 2872 652 2892 «ι
671 2849 705 2902 Et
753 2861 831 2919 puto,
848 2852 883 2901 Te
890 2854 992 2903 m'hilee
999 2853 1135 2917 acto(vei,
1146 2870 1160 2902 e
1160 2850 1255 2918 fecto)

203 2930 268 2985 nibil
281 2949 295 2982 e
307 2928 392 2993 tacto,
404 2927 451 2981 nisi
465 2937 488 2978 te
500 2925 602 2990 secisse,
616 2938 706 2995 peten·
753 2935 808 2981 m'si
817 2951 866 2983 non
880 2951 999 2998 peccasse
1008 2933 1150 2999 stantem,
1168 2933 1257 2999 Sponte

203 3023 267 3064 tem,
286 3029 299 3053 n
322 3007 435 3073 Longius
450 3003 554 3074 quidem
572 3024 585 3055 a
606 3005 707 3071 vulgata
754 3027 801 3061 sea
809 3008 1255 3077 peobr'tasoffice'umquejueaetsnon

205 3089 330 3156 scriptura
339 3084 392 3137 brec
403 3084 500 3136 abeunt
508 3103 514 3134 :
522 3082 567 3135 sed
575 3083 709 3136 nilobrur·
755 3086 830 3137 aliam
841 3087 988 3139 mercedem
1000 3086 1109 3138 exsarto
1119 3083 1257 3155 petis,nisi

206 3168 242 3221 rit
258 3166 349 3220 meiius
361 3185 368 3217 ·.
382 3184 456 3217 versu
471 3163 604 3232 proximo,
616 3165 710 3231 '‘uvan!
755 3163 956 3226 conscientiam,
969 3175 993 3216 te
1006 3183 1059 3216 non
1072 3184 1205 3234 peccasse,
1216 3174 1256 3218 ant

206 3265 255 3315 pro
269 3247 345 3310 juvat
359 3245 485 3296 meliores.
504 3243 538 3294 Η.
550 3269 583 3281 -
601 3244 634 3294 Te
647 3244 713 3295 ne'lrc'l
759 3259 812 3293 non
830 3241 943 3294 detuime
960 3240 1065 3305 ot'srcio,
1086 3242 1156 3310 quod
1176 3244 1259 3296 amico

206 3334 303 3375 exacto.
321 3321 397 3374 Ordo
409 3331 447 3373 est
460 3318 595 3373 :Probitas
610 3329 636 3371 et
648 3317 710 3371 o.fi·
757 3316 874 3372 debebas.
881 3319 1016 3371 Sententia
1024 3319 1111 3381 obvia,
1124 3330 1260 3370 ete-reom-

209 3399 427 3465 ciamsuasponte
438 3398 526 3463 juvant
536 3407 559 3448 te
567 3396 709 3460 fatentem,
757 3396 833 3450 mimi
844 3397 996 3466 sapientium
1009 3397 1090 3449 errato
1098 3394 1222 3446 desumta.

209 3484 298 3524 exarto
313 3474 376 3527 nibil
389 3473 436 3525 nisi
450 3493 496 3526 nos
508 3493 628 3541 peccasse.
640 3474 711 3526 M.-
791 3474 830 3540 34.
842 3471 1008 3541 officiaque.
1016 3473 1050 3525 Et
1057 3469 1170 3521 osticium
1179 3476 1257 3521 tuum

211 3551 318 3601 Exacto.
328 3550 411 3601 Alieni
424 3548 534 3618 erigenti
547 3567 579 3600 an
591 3569 640 3618 ego
651 3571 712 3619 pec·
759 3569 819 3621 erga
832 3550 931 3603 anricus.
945 3549 1041 3604 Sensus
1050 3558 1086 3600 est
1095 3565 1102 3598 :
1112 3565 1205 3598 verum
1219 3559 1259 3602 est

211 3625 460 3679 caverint'etoerre
469 3626 711 3689 adverbutexaclo,
760 3630 828 3699 quod
841 3629 891 3682 dixi
900 3627 1093 3696 teessedignum
1103 3642 1158 3676 non
1168 3637 1259 3694 petere

211 3720 260 3774 pro
280 3713 367 3754 exacte
388 3702 493 3769 accipias
508 3723 514 3755 :
529 3714 555 3757 et
568 3715 605 3756 est
620 3725 713 3775 magna
760 3710 791 3761 ab
806 3707 859 3761 aliis
873 3704 1016 3775 exemplum
1033 3702 1216 3771 permanendo
1233 3705 1258 3757 in

214 3782 268 3836 laus
276 3778 398 3842 Maximi,
411 3779 480 3847 quod
494 3792 575 3848 poete
583 3783 714 3837 amicieri-
760 3785 812 3839 tide
822 3805 881 3855 erga
890 3804 946 3849 me,
957 3782 1002 3838 sed
1014 3782 1075 3836 dare
1085 3783 1156 3836 aliis:
1167 3783 1227 3851 quia
1236 3792 1259 3835 te

217 3879 278 3915 men
288 3868 414 3928 quantum
425 3869 508 3926 potest
517 3862 712 3916 nititur-celare:
760 3862 852 3929 iuvant
866 3875 893 3917 et
905 3862 1015 3933 probitas
1027 3872 1056 3916 et
1068 3860 1188 3915 officium
1202 3878 1260 3928 erga

216 3959 266 3994 nec
280 3935 328 3990 nisi
343 3936 468 3989 instanter
484 3938 619 4006 requisitus
636 3940 713 3994 etiam
761 3941 856 3992 amicos
865 3961 870 3994 :
880 3939 948 4010 quod
959 3950 1052 4010 sponte
1060 3959 1105 3994 sua
1117 3948 1257 4010 prestatur,

217 4036 278 4070 eum
290 4033 403 4088 peccasse
411 4013 513 4070 adserit.
526 4017 634 4082 Exegere
643 4016 714 4072 enim
762 4035 816 4071 non
825 4020 956 4088 precibus,
965 4018 1122 4090 autpeemio
1131 4017 1221 4081 atiquo
