2722 4702
149 236 223 378 roo'
417 292 457 356 r.
490 289 669 358 ovmrr
694 287 920 361 NASONIS

144 435 206 519 Ar,
227 432 255 505 si
271 428 355 503 forte
372 428 451 502 velis
470 430 503 500 in
520 457 582 502 uos
597 429 783 528 inquirere,
798 457 895 503 nemo
914 447 966 505 est

194 546 264 642 Qui
279 571 330 631 se,
348 544 440 644 quod
457 544 599 643 patitur,
619 545 848 618 commeruisse
866 561 975 640 neget.

146 661 258 748 Adde,
278 659 370 760 quod
387 657 566 735 exstinctos
583 657 632 732 vel
649 686 750 758 aqna,
768 657 819 732 vel
834 661 958 748 Marte,
978 659 1034 736 vel
1050 661 1144 759 igni,
1186 684 1218 738 ³5

196 775 298 851 Nulla
315 792 426 876 potest
440 775 558 848 iterum
576 772 757 848 restituisse
774 774 853 848 dies.

149 891 311 966 Restituit
326 888 468 977 multos,
487 906 543 961 aut
562 917 665 989 poenae
684 907 776 989 parte
791 889 909 964 levavit

199 1010 327 1095 Cacsar3
346 1024 399 1095 et,
418 1006 454 1078 in
473 1003 587 1077 multis
604 1032 655 1077 me
671 1003 751 1076 velit
768 1033 856 1092 esse,
872 1032 998 1105 precor.

150 1126 203 1196 An
221 1141 272 1210 tu,
289 1150 392 1222 quum
409 1120 465 1193 tali
481 1120 627 1221 populus
643 1120 706 1193 sub
725 1120 873 1221 principe
889 1120 1008 1209 simus,

199 1238 369 1338 Adloquio
386 1235 520 1337 profugi
538 1235 643 1309 credis
659 1236 764 1308 inesse
779 1237 927 1308 metum?

150 1354 303 1443 Forsitan
318 1352 387 1424 hae
406 1350 543 1422 domino
561 1347 713 1421 Busiride
730 1348 801 1445 jure
818 1349 969 1434 timeres,

203 1470 273 1541 Ant
292 1465 391 1542 solito
409 1466 539 1539 clausos
555 1492 649 1538 urere
666 1463 701 1534 in
717 1491 778 1537 are
793 1463 891 1535 viros.

156 1583 279 1654 Desine
297 1581 409 1652 mitem
427 1580 570 1652 animum
588 1605 670 1649 vano
688 1575 840 1649 infamare
857 1575 997 1648 timore:

204 1696 292 1766 Sava
310 1694 389 1793 quid
407 1693 440 1764 in
458 1689 597 1791 placidis
613 1719 689 1764 saxa
704 1691 822 1766 vereris
840 1691 961 1791 aquis?

155 1814 231 1910 lpse
249 1837 330 1902 ego,
348 1808 437 1909 quod
456 1808 563 1906 primo
580 1809 695 1909 scripsi
713 1810 783 1884 sine
800 1809 932 1883 nomine
947 1808 1064 1896 vobis,
1178 1826 1209 1894 45

205 1926 270 1998 Vix
287 1927 433 2000 excusari
450 1954 547 2027 posse
567 1926 648 1999 mihi
664 1927 786 2001 videor.

156 2040 222 2123 Sed
238 2071 340 2142 pavor
356 2043 506 2117 adtonito
521 2043 659 2118 rationis
677 2045 838 2118 ademerat
852 2070 971 2130 nsum;

209 2159 360 2233 Cesserat
379 2191 474 2235 omne
491 2161 585 2233 noris
602 2159 842 2261 consiliumque
857 2157 961 2232 malis.

159 2274 405 2377 Fortunamque
423 2304 526 2349 meam
543 2293 705 2362 metuens,
723 2303 792 2347 non
808 2273 946 2348 vindicis
963 2272 1060 2360 imm,

208 2393 369 2466 Terrebar
388 2389 485 2463 titulo
501 2392 645 2463 nominis
661 2390 733 2490 ipse
751 2392 826 2464 mei,
1183 2405 1212 2457 5⁰
1263 2428 1267 2435 ·

163 2507 332 2578 Hactenus
349 2501 537 2577 admonitus
552 2504 686 2576 memori
700 2504 839 2577 concede
853 2522 976 2604 poetae,

213 2622 320 2693 Ponat
335 2635 373 2691 ut
388 2619 422 2689 in
441 2618 561 2691 chartis
578 2617 711 2690 nomina
727 2646 799 2690 cara
816 2617 893 2690 suis.

164 2735 276 2831 Turpe
293 2731 353 2803 erit
369 2730 549 2817 ambobus,
566 2730 665 2827 longo
678 2732 760 2805 milri
776 2733 946 2835 proximus
961 2757 1043 2817 usu,

105 2846 108 2857 ’
216 2851 252 2921 Si
267 2846 358 2921 nulla
376 2846 453 2921 libri
469 2865 561 2948 parte
577 2848 683 2949 legare
700 2849 773 2924 mei.

168 2968 219 3038 Ne
236 2983 342 3038 tamen
360 2963 422 3037 iste
435 2980 543 3036 metus
560 2992 695 3040 somnos
712 2966 775 3039 tibi
792 2992 942 3066 rumpere
956 2962 1085 3065 possit,
1188 2980 1219 3034 55

218 3086 294 3155 Non
310 3081 413 3168 ultra,
433 3107 530 3181 quam
546 3083 610 3170 vis,
628 3081 794 3159 officiosus
811 3111 887 3156 ero:
1252 3166 1261 3207 τ

204 3260 243 3330 39.
253 3261 295 3312 An
305 3268 339 3309 tu.
352 3260 390 3312 lta
399 3257 489 3310 nostri.
499 3256 578 3309 Multi
586 3257 668 3320 Atto,
720 3265 786 3312 saris
798 3300 805 3322 ,
819 3258 931 3326 judicis,
953 3255 1067 3310 solemni
1086 3269 1221 3328 pennuta-
1256 3254 1261 3269 ¹

172 3353 231 3384 rum
240 3334 327 3402 priscis
339 3334 502 3388 editionibus.
721 3336 807 3402 tione,
819 3334 919 3389 codices
930 3334 1024 3401 scripti.

205 3412 243 3472 4²·
251 3413 613 3465 Autsolt'tourcreclausosetc.
621 3411 675 3463 Aut
755 3420 794 3470 50.
811 3419 929 3469 Terretur
938 3418 1019 3469 tilulo.
1031 3415 1103 3484 Quia
1114 3434 1166 3468 non
1174 3431 1218 3466 an-

175 3487 282 3539 domino
291 3490 443 3553 Phalaride,
458 3492 537 3558 quiin
547 3501 676 3543 cereotau·
723 3492 816 3546 deham
829 3491 912 3546 lacere
927 3493 1092 3546 mentionem
1105 3490 1156 3545 mei
1170 3507 1218 3542 no·

175 3585 205 3618 ro
217 3565 268 3632 igni
280 3568 383 3619 subdito
393 3569 512 3620 homines
522 3570 637 3624 necabat.
723 3571 800 3624 minis
811 3570 837 3622 in
852 3568 915 3621 meis
930 3566 1028 3624 libellis.

208 3643 247 3710 43.
264 3644 357 3695 Desine
374 3650 456 3697 mitem
472 3652 588 3700 animum.
607 3651 673 3702 Am'-
757 3654 796 3702 51.
815 3651 905 3702 Poeta.
923 3648 1014 3700 Sodali
1034 3644 1131 3702 Moneri
1153 3645 1224 3712 duo,

176 3741 241 3776 mam
253 3737 321 3771 unus
334 3719 462 3783 Medonii.
474 3723 573 3778 Herus.
723 3725 824 3778 Bersm.
838 3737 865 3777 et
880 3725 963 3794 Marg.
978 3725 1082 3797 Gryph.

209 3807 248 3869 45.
266 3801 341 3866 Quod
347 3805 441 3867 scripst
455 3806 607 3872 Qur'scrtpsi
616 3816 675 3859 tres.
758 3805 795 3856 53.
808 3807 942 3856 Ambobus,
955 3802 989 3854 Et
1006 3804 1051 3857 tibi
1067 3817 1095 3859 et
1112 3805 1185 3859 milri.
1197 3833 1228 3846 -

210 3889 248 3953 49,
261 3881 317 3932 ΝΜ
333 3881 396 3929 imm
410 3883 676 3937 2.J„d1·cj5,N0niram
724 3884 856 3934 Proximus
863 3883 926 3932 mr'de‘
932 3883 1006 3946 longo
1016 3900 1071 3934 usu.
1085 3883 1114 3936 Si
1125 3895 1154 3936 tu
1163 3881 1226 3936 mihi

178 3956 287 4025 Augusti
300 3953 451 4007 vindicantis
467 3955 589 4022 injuriam
606 3978 676 4013 arne
724 3960 878 4025 conjunctus
897 3958 976 4029 longa
993 3959 1182 4014 consuetudine
1198 3967 1224 4011 et

179 4050 315 4105 acceptam.
331 4039 456 4100 madico,
471 4039 605 4102 preircr'pr's,
622 4042 677 4092 Cae-
725 4040 999 4095 mme-Proximus.
1010 4039 1041 4093 ln
1054 4036 1141 4090 multis
1152 4043 1222 4088 vete-
