2722 4702
143 278 187 347 62
423 282 463 346 Ρ.
490 281 672 357 OVIDII
700 284 923 358 NASONIS
952 338 955 343 ι

143 418 294 494 Carmina
310 447 351 503 ne
367 419 492 495 nostris
509 420 556 494 sic
573 438 605 504 te
621 427 806 501 venerantia
823 426 918 512 libris

190 536 323 611 iudicio
339 537 471 639 possint
487 538 676 615 candidiore
691 539 767 637 legi.

143 655 224 730 Esse
240 654 297 729 sed
313 654 396 731 irato
414 654 490 757 quis
507 673 541 731 te
558 656 640 732 mibi
655 677 768 759 posset
782 662 939 741 amicus?

191 769 256 843 Vix
274 787 352 845 tunc
368 771 439 873 ipse
450 772 532 847 mihi
549 801 619 849 nou
636 773 788 851 inimicus
803 806 902 854 eram.

143 887 257 985 Quum
273 888 372 988 cupit
388 906 540 990 quassata
555 889 674 967 domus
691 892 881 983 subsidere,
899 915 1010 997 partes

192 1002 232 1074 Iu
248 1001 447 1101 proclinatas
464 1030 562 1078 omne
577 1005 742 1080 recumbit
757 1034 861 1083 unus:

144 1119 352 1221 Cunctaque,
370 1119 505 1197 fortuna
521 1119 637 1197 rimam
651 1121 805 1212 faciente,
822 1123 1012 1215 debiscnut;
1170 1149 1205 1202 ss

192 1241 269 1339 Ipsa
286 1269 348 1314 suo
365 1236 533 1340 quondum
550 1242 696 1340 pondere
714 1262 799 1318 tecta
815 1263 925 1320 urunt

144 1353 252 1449 Ergo,
269 1352 442 1427 homiuum
460 1352 635 1452 quaesitum
653 1355 768 1430 odium
783 1358 864 1432 mibi
882 1358 1037 1445 carmine,
1054 1386 1182 1460 quaque

193 1464 337 1550 Debuit,
356 1481 406 1536 est
423 1459 535 1537 vultus
552 1464 650 1551 turba
665 1484 779 1539 secuta
794 1485 882 1542 tuos.

142 1581 207 1666 At,
223 1577 371 1667 memini,
388 1578 556 1678 vitamque
570 1606 675 1663 meam
692 1606 865 1680 moresque
880 1583 1048 1680 probabas

192 1692 274 1782 lllo,
293 1721 390 1794 quem
406 1692 558 1779 dederas,
575 1694 800 1795 pretereuntis
817 1724 914 1796 equo.
1172 1740 1207 1792 ῳ

145 1809 248 1908 Quod
263 1810 292 1883 si
309 1839 377 1883 non
396 1809 549 1910 prodest,
567 1828 601 1885 et
616 1810 746 1887 bonesti
761 1811 864 1907 gratia
880 1810 972 1886 nulla

176 2034 215 2087 79
231 2016 349 2069 Camena
355 2036 387 2070 ue
393 2021 486 2069 nostn‘s
496 2020 534 2070 sic
542 2025 567 2070 le
574 2035 651 2069 me-
730 2033 771 2089 9⁰·
794 2018 969 2070 pretereuntis
987 2036 1056 2084 equo.
1080 2017 1204 2071 Prubasse

143 2098 315 2150 rantmlr'bn's.
324 2093 436 2146 Plurimi
447 2104 651 2163 veterumqsote
698 2110 785 2167 mores
805 2091 882 2164 ipsius
902 2104 1058 2162 argumento
1080 2113 1133 2147 esse
1152 2095 1204 2161 ait,

143 2177 302 2238 maerentia,
312 2169 426 2239 culpae,
439 2171 651 2239 velutique-Sed
699 2171 769 2242 quud
782 2171 814 2226 ab
824 2189 873 2237 eo,
891 2182 922 2225 ut
937 2190 1044 2225 censore
1054 2208 1061 2235 ,
1073 2189 1143 2238 equo
1155 2171 1206 2224 do-

143 2252 265 2306 meliores
282 2269 342 2318 que.
360 2248 489 2303 Nonnulli
507 2249 587 2305 etiam
602 2269 650 2320 pro
698 2260 775 2311 natus
788 2248 828 2303 sit.
843 2248 970 2319 Loquitur
983 2257 1072 2301 autem
1087 2246 1120 2300 de
1135 2267 1204 2317 equo

143 2351 190 2396 ne,
206 2348 273 2383 nnnc
294 2336 459 2398 agnoscunt,
480 2337 507 2380 et
530 2328 650 2397 sequenti
699 2325 901 2379 transvectionis.
919 2322 1077 2394 Dionysius,
1092 2323 1135 2377 lib.
1147 2325 1203 2393 vt,

144 2426 221 2461 versu
237 2408 334 2459 Indictis
351 2423 399 2473 pro
411 2407 527 2465 ludicri,
543 2413 572 2458 et
582 2424 651 2470 pss-
697 2401 971 2469 scribit,inbouorenr
977 2398 1143 2469 adpetitionis
1152 2400 1205 2455 Ca-

143 2493 204 2538 sunt
212 2501 260 2550 pro
267 2488 374 2548 possint.
388 2480 441 2533 Sed
450 2499 503 2548 quo
514 2490 539 2533 te
553 2490 648 2545 vertas,
697 2493 816 2544 storum,
831 2481 949 2549 illiusque
959 2479 1087 2545 victorin,
1100 2500 1158 2548 que
1171 2480 1204 2534 ad

146 2562 236 2615 ornnia
250 2559 407 2612 subobscura
425 2567 494 2609 snut.
514 2557 606 2622 Quare
624 2567 651 2609 et
698 2560 783 2612 lacum
794 2557 923 2628 Regillum
936 2565 1008 2626 parta
1015 2567 1069 2620 est,
1081 2557 1155 2625 equis
1162 2577 1205 2612 se-

144 2637 195 2691 hoc
206 2634 335 2689 distichon
346 2633 416 2686 inter
428 2632 515 2701 spuria
525 2651 651 2686 numere-
698 2637 790 2691 dentes
798 2635 926 2690 transvehi
934 2674 941 2699 ,
950 2633 1124 2704 incipientesa
1135 2646 1204 2688 tem·

145 2727 196 2769 tur.
210 2713 309 2766 Helles.
698 2715 741 2786 plo
750 2715 843 2768 Martis
855 2724 1052 2775 extramurano,
1063 2713 1205 2783 perrexisse

179 2793 218 2845 81·
237 2792 305 2844 Esse
319 2789 368 2840 sed
379 2784 594 2840 sisio-Ostendit
608 2785 651 2837 la·
698 2812 747 2864 per
760 2792 867 2858 forum,
887 2791 959 2859 juxta
980 2790 1064 2845 edem
1082 2787 1205 2845 Castoris.

146 2880 233 2925 lenter
243 2866 352 2929 ΜΒΝ,
366 2861 650 2932 0²²1⁸¹¹¹P⁰¹lssl¹⁰¹ffls
698 2873 789 2927 Fiebat
799 2880 889 2925 autern
900 2868 955 2923 bec
971 2869 1125 2924 transvectio
1142 2870 1203 2923 idib.

146 2944 331 3018 quilegiltiffl
340 2939 442 2996 delicia
451 2938 652 3006 ewlsffliffl
698 2949 879 3019 Quintilibus,
898 2965 951 3016 quo
972 2947 1013 3001 die
1034 2947 1102 3018 apud
1119 2947 1204 3001 lacurn

144 3030 193 3085 sibi
203 3030 317 3093 iratum,
330 3034 467 3094 propterea
477 3018 548 3091 quod
556 3019 653 3074 sciehat
699 3025 829 3096 Regillum
848 3043 971 3096 prospere
988 3037 1132 3095 pugnaturn
1147 3034 1203 3091 est,

146 3129 209 3163 eum
229 3125 283 3162 esse
307 3106 425 3176 Augusto
448 3099 582 3154 lusesium·
601 3096 652 3151 Vel
700 3104 808 3160 Castore
820 3115 848 3158 et
858 3103 963 3158 Polluce
975 3104 1160 3159 auxiliantibus.
1173 3105 1204 3157 ln

145 3200 216 3242 certe
229 3187 291 3241 dicit
307 3206 335 3241 se
351 3182 473 3238 omnibus
487 3179 568 3235 fuisse
584 3178 653 3232 invi·
699 3185 888 3240 transvectione
904 3194 992 3237 autem
1009 3185 1107 3253 equites
1124 3183 1205 3237 vehe-

147 3285 222 3331 sum,
239 3277 406 3334 posteaquam
420 3261 477 3329 citu
489 3276 595 3314 umen
610 3255 652 3310 ds·
699 3264 804 3329 bantur,
811 3262 928 3317 coronati
937 3261 1204 3326 olivantmramis,in-

147 3341 249 3394 mnasit
259 3341 399 3408 Augustus.
698 3343 807 3412 dutique
820 3341 913 3395 trabeis
927 3340 1030 3410 punicei
1040 3341 1148 3405 eoloris,
1161 3358 1205 3392 se-

180 3418 653 3487 llblpsasuoqudaeutpoadmtmcta
698 3440 758 3475 cum
769 3426 896 3490 gestantes
904 3428 1075 3484 ornamenta,
1089 3415 1203 3486 premia·

147 3491 653 3565 mstQuondmmetioressdeindete
699 3519 749 3568 que
757 3498 845 3553 omnis
853 3495 1022 3561 fortitudinis,
1032 3513 1202 3564 quaecumque

148 3588 191 3632 cta
200 3595 244 3630 ses
254 3575 311 3629 libri
322 3613 329 3641 ,
342 3571 413 3643 quod
420 3589 532 3640 sequor:
545 3570 592 3623 elsi
604 3570 653 3623 hot
698 3579 726 3631 in
739 3578 832 3646 preliis
847 3575 879 3629 ob
895 3593 951 3628 rem
970 3574 1037 3627 bene
1054 3583 1170 3644 gestam,
1188 3596 1202 3629 a

149 3653 275 3710 distichon
291 3654 370 3711 ellam
388 3651 421 3705 sil
437 3651 507 3702 iulet·
521 3658 650 3717 stupetis,
699 3651 848 3709 ductoribus
858 3652 909 3706 suis
920 3670 1049 3721 accepere.

148 3735 219 3806 quod
231 3733 346 3787 Versibus
362 3729 463 3783 (luobus
478 3728 653 3798 superioribus
731 3755 771 3807 9¹·
788 3734 863 3800 Quod
870 3737 895 3786 si
905 3751 953 3784 non
960 3733 1068 3798 pmdesl.
1086 3731 1139 3787 Hic
1155 3732 1202 3786 de-

148 3818 202 3885 iarn
210 3810 398 3880 sitcomplesus
408 3827 455 3875 es,
467 3826 524 3876 que
532 3805 581 3860 boc
588 3826 654 3860 eon·
698 3830 753 3864 nuo
761 3821 887 3882 grassatus
894 3819 932 3862 est
940 3808 1109 3879 interpolator
1116 3809 1203 3863 nescio

149 3897 274 3949 tinentur.
287 3892 387 3945 liuns.
699 3889 763 3957 quis.
773 3886 852 3941 Certe
861 3905 949 3940 versus
959 3884 1000 3937 bic
1011 3905 1070 3938 cum
1083 3885 1202 3954 sequenti

181 3979 220 4049 ⁸9·
241 3974 292 4033 At,
305 3972 417 4028 memini,
432 3970 554 4033 viimi&
565 3983 652 4018 ΜΠ-
698 3966 1202 4037 semibarbarusest.Progloriaquatuor

149 4057 207 4110 ,tter
214 4054 241 4108 iu
254 4047 381 4122 plerisque
392 4045 498 4113 seriptis.
697 4046 784 4116 scripti
790 4052 873 4114 Μία
880 4087 888 4117 ,
896 4043 965 4116 quod
974 4056 1085 4115 prestat.
1092 4046 1145 4096 Pro
1151 4048 1203 4095 cri·
