2722 4702
306 372 376 437 nx
399 373 581 440 rouro
603 376 702 442 Lm.
728 361 797 442 w.
822 377 984 446 nerse.
1010 384 1038 448 1.
1127 385 1193 477 ⁴¹9

193 508 245 581 Sit
261 508 366 582 mihi?
382 510 471 609 quod
486 512 581 597 lecit,
598 513 737 612 quisque
756 530 866 587 tuetur
883 523 976 616 opus.

142 623 191 694 Ut
207 624 320 696 Venus
337 622 468 697 artiheis
484 624 577 699 labor
594 644 689 700 estet
707 627 810 721 gloria
827 630 907 716 Coi,
998 621 1002 628 ⁴

189 738 360 836 AEquoreo
376 740 518 813 madidas
534 770 606 841 quae
620 742 739 842 premit
754 740 860 814 imbre
880 770 1009 818 eomas:
1028 738 1031 744 ’
1159 773 1192 822 31»

141 854 238 927 Areis
254 871 292 925 ut
309 859 424 928 Aetaeae
440 856 488 928 rel
505 858 642 944 chuma,
662 855 711 930 vel
729 886 815 930 aenea
832 876 942 930 custos

191 966 313 1042 Bellica
331 969 485 1043 Phidiaca
502 990 567 1045 stat
584 975 651 1046 Dea
668 973 751 1045 faeta
767 1001 887 1060 manu3

145 1086 304 1158 Vendieat
320 1104 359 1160 ut
374 1087 515 1161 Calamis
529 1088 677 1177 laudem,
696 1116 781 1189 quos
798 1089 889 1173 feeit,
908 1116 1083 1194 equerum;

192 1204 240 1273 Ut
255 1202 371 1276 similis
385 1233 467 1278 verre
483 1233 576 1279 vacca
594 1206 744 1305 Myronis
758 1234 862 1306 opns;

146 1314 201 1386 sic
217 1343 279 1410 ego
295 1345 371 1417 pars
388 1347 496 1391 rerum
513 1348 582 1392 non
599 1318 729 1407 ultima,
745 1320 857 1407 Sexte,
876 1337 1023 1408 tuarum,
1164 1344 1197 1397 35

192 1432 382 1535 Tutelaeque
396 1434 485 1509 seror
499 1463 620 1512 munus
637 1464 787 1538 opusque
801 1454 873 1511 ture.

177 1604 216 1656 28.
225 1606 378 1674 Quodfiaexr't
387 1611 488 1674 querque
498 1615 585 1659 metue.
595 1607 646 1660 Re·
693 1625 737 1673 va,
752 1606 851 1660 ardum
864 1617 950 1661 eustos
961 1618 988 1661 et
997 1625 1096 1676 presses
1105 1634 1138 1667 e·-
1149 1612 1198 1675 Vr!

143 1681 251 1750 spondet
261 1683 406 1750 poetasein
414 1685 513 1738 enideo
521 1703 593 1752 spem
602 1684 645 1737 ha·
692 1704 757 1738 ma
771 1688 956 1737 caesaraea
973 1685 1059 1754 scripti
1075 1686 1196 1755 potiores.
1299 1714 1305 1725 ·

143 1757 291 1827 here,quia
300 1771 411 1828 estopus
420 1763 511 1829 ipsius:
525 1773 551 1815 et
563 1781 646 1815 unus·
727 1761 766 1812 32.
783 1762 847 1812 Stat.
867 1761 928 1814 Non
941 1760 1029 1827 sedet,
1048 1761 1095 1816 sed
1112 1775 1197 1819 erecta
1291 1768 1295 1775 '

144 1835 254 1903 quisque
271 1856 335 1904 opus
350 1837 418 1905 quod
428 1839 503 1900 lecit,
518 1839 586 1891 tueri
597 1858 645 1890 so-
694 1837 1196 1904 etstanspositafuit.·-ManuPlee‘de‘aca.

142 1913 186 1966 let.
195 1913 264 1980 Quee
273 1913 379 1981 quidem
392 1917 520 1970 sententia
530 1917 562 1969 de
579 1915 646 1969 Ari·
695 1913 779 1965 Manu
792 1913 891 1965 Plridiae
898 1913 1080 1981 Atheniensis,
1094 1917 1138 1986 qui
1149 1917 1195 1970 llo·

142 1989 241 2043 stotelis
259 1990 351 2044 Ethiea
368 1992 487 2045 sumitur.
508 1994 646 2047 -Nostri
694 1991 746 2043 ruit
758 1989 903 2059 olympiade
914 1993 1068 2060 octogesima
1087 2005 1196 2062 quarta,

143 2066 244 2120 codices
256 2067 498 2137 habentquodsece‘t
506 2074 612 2138 quisque.
693 2069 796 2123 circiter
812 2068 995 2121 tercentesimo
1008 2068 1135 2129 Romane
1148 2091 1194 2125 ur·

175 2166 214 2218 ²¹}
225 2147 341 2216 Adficis
354 2150 408 2200 Coi.
417 2145 527 2217 Apellis,
540 2147 589 2201 Coi
601 2150 646 2218 pi-
696 2147 821 2200 bisnnuo.
1130 2174 1133 2178 ·

142 2222 218 2275 eloris
230 2223 400 2278 celeberrimi.
728 2224 767 2278 33.
794 2224 918 2276 Vendr‘cat
935 2231 964 2274 s!
978 2222 1098 2275 Calamis.
1116 2223 1196 2278 Cala-

175 2299 217 2350 30.
237 2302 395 2366 Qraepremr't
406 2318 499 2353 comas.
510 2299 580 2368 Qut
596 2317 645 2353 ca-
694 2301 743 2354 mis
754 2300 793 2354 sui
810 2297 933 2368 temporis
947 2298 1065 2368 egregius
1084 2301 1196 2358 artilex:

143 2373 216 2443 pillos
225 2394 344 2443 premere
352 2378 506 2443 videbatur,
515 2388 645 2447 etnquane
691 2377 753 2432 fecit
765 2376 835 2430 enim
846 2375 982 2445 quadrigas
994 2375 1104 2428 maxime
1120 2377 1193 2431 rele-

141 2454 296 2522 enprimere.
307 2484 340 2496 -
355 2458 570 2511 Madttrasmbre.
582 2457 645 2510 Ma·
691 2457 750 2511 hres
759 2456 807 2520 ,de
816 2473 869 2524 quo
877 2453 978 2509 Plinius
991 2453 1056 2507 libro
1065 2454 1195 2522 XXXIV,

142 2528 257 2584 delectos
266 2533 368 2602 capillos
377 2553 443 2603 aqua
455 2535 581 2603 equoris,
592 2554 645 2587 un·
692 2533 774 2604 eapite
786 2536 815 2596 t,
828 2532 871 2586 ubi
883 2531 992 2602 legenda
1008 2541 1070 2586 sunt
1085 2531 1195 2585 humani

142 2605 175 2658 de
183 2606 644 2681 videbaturemergere.Emarienim
692 2612 790 2682 ingenii
809 2609 948 2674 miracula,
969 2608 1063 2678 quihus
1077 2610 1196 2664 inclaruit

143 2694 230 2736 natam
244 2688 377 2741 Venerem
390 2690 538 2743 libulantur
550 2700 643 2758 poete,
693 2693 792 2748 Gracia
801 2691 978 2759 illa,0mnium
987 2690 1081 2743 artium
1090 2709 1193 2759 parens,

143 2773 168 2815 el
183 2764 242 2815 ideo
259 2785 317 2819 eam
331 2768 431 2819 Plinius
447 2767 644 2835 Auadyomeners
692 2772 766 2837 eujus
777 2768 911 2823 infandam
930 2779 1027 2820 sortem
1044 2785 1123 2820 nemo
1136 2765 1195 2820 satis

142 2852 256 2895 secatam
269 2842 346 2895 luisse
359 2845 454 2897 scribit.
692 2866 764 2900 nune
774 2849 863 2915 hgere
876 2856 968 2916 potesl-

174 2921 216 2971 31.
232 2921 310 2971 Arcis
316 2932 345 2974 u!
355 2923 454 2974 Acten.
462 2919 568 2975 Phidias
577 2938 646 2987 pres·
724 2925 765 2989 34.
785 2925 921 2976 [sesemen
933 2940 1004 2975 vere.
1017 2921 1057 2973 De
1076 2919 1192 2992 Myrone

143 3012 184 3052 ter
192 3000 288 3054 Jovens
297 2998 406 3061 ,feritet
414 3019 443 3051 ex
453 2999 532 3052 ebore
540 3000 645 3053 Miner·
692 3017 723 3052 ac
733 2999 790 3064 eius
806 3019 882 3053 vacca
895 2996 975 3051 etiam
986 2994 1087 3049 Plinius
1101 2995 1195 3048 scribit.

143 3095 204 3130 vam
214 3076 341 3139 Athenis,
351 3085 378 3128 et
386 3095 417 3129 es
426 3087 537 3130 aretam
544 3078 644 3131 eximia
692 3103 724 3116 -
734 3075 829 3127 Similis
840 3095 911 3128 sere.
922 3071 1019 3128 Similis
1030 3090 1111 3126 vacca
1123 3070 1194 3122 sive.

143 3152 354 3223 pulchritudinis,
366 3163 420 3206 ule
442 3152 527 3206 [orma
541 3173 645 3223 cogne-
723 3155 764 3206 35.
772 3153 867 3218 Ss'ceqo
873 3171 928 3202 sum
937 3169 1024 3203 rerum.
1034 3148 1123 3202 Scribe
1130 3166 1191 3201 eum

142 3248 206 3282 rnen
217 3229 350 3297 acceperit.
361 3229 403 3282 De
415 3230 507 3298 quihus
518 3230 560 3284 hie
568 3240 645 3299 poeta
693 3228 769 3285 Polie
780 3228 868 3282 codice
880 3238 907 3280 et
914 3229 1016 3294 Fragm.
1028 3225 1145 3277 vatican.
1153 3227 1196 3277 Sic

141 3307 269 3376 intelligit
278 3307 339 3360 Fuit
346 3309 405 3361 etin
413 3327 471 3363 arce
479 3308 644 3364 Athenarum
691 3326 736 3374 qo
744 3323 895 3372 presterum
905 3320 914 3366 ,¹
924 3303 1033 3355 Metam.
1043 3303 1114 3367 Vll,
1128 3305 1174 3354 522
1187 3323 1194 3354 ε

141 3386 272 3439 Μίαεπι
281 3385 565 3455 simulacrum,dequo
574 3385 644 3439 lemn
693 3405 707 3428 e
720 3383 755 3437 Et
769 3391 848 3450 quota
867 3398 925 3448 pars
937 3376 972 3430 illi
987 3394 1076 3429 rerum
1094 3378 1195 3446 periere

142 3463 286 3528 increbuit,
305 3463 375 3532 quod
389 3463 422 3516 ‹le
434 3462 497 3518 cselo
514 3461 644 3517 reciderit.
692 3479 829 3524 mearum
848 3481 861 3505 ν
873 3457 923 3510 nisi
934 3455 1014 3509 mavis
1025 3473 1087 3509 cum
1104 3457 1194 3510 Aron-

142 3567 174 3580 -
187 3544 264 3594 Arcis
270 3543 373 3594 Acten.
384 3540 457 3594 Arcis
470 3540 643 3593 Athenarum.
692 3536 813 3603 deliano,
825 3558 838 3582 «ι
853 3533 897 3589 Sic
905 3552 954 3604 ego
965 3552 1024 3586 suns
1034 3551 1125 3586 rerum
1136 3552 1194 3605 pars

141 3643 175 3657 -·
187 3621 275 3673 Certos
286 3622 385 3675 bellete.
398 3617 456 3674 Dea
466 3618 528 3672 belli
539 3617 644 3670 Miner-
691 3633 746 3667 non
760 3625 879 3668 extrema
889 3623 1025 3667 tuarum.»
1039 3610 1074 3663 Η.

551 3845 785 3869 Q,
