2722 4702
290 365 358 432 EX
381 363 557 431 PONTO
581 363 676 429 LIB.
702 364 781 429 ΙΙΙ.
808 364 973 433 EPIST.
1000 369 1042 436 V.
1133 369 1198 453 403

191 506 299 580 Mittit
315 506 356 579 ab
370 504 526 592 hirsutis,
544 504 688 576 Maxime
703 503 822 589 Cotta,
844 505 946 581 Getis.

141 623 314 718 Legimus,
334 649 354 693 o
368 620 494 717 juvenis
511 619 610 719 patrii
627 648 694 691 non
711 620 852 714 degener
868 623 955 712 oris,

192 738 289 810 Dicta
306 735 367 808 tibi
383 734 482 835 pleno
500 735 600 808 verba
617 734 737 809 diserta
754 735 838 809 loro.

143 859 248 955 Qua,
269 881 455 954 quanquam
471 852 584 948 lingua
598 852 680 927 mihi
697 872 774 926 sunt
790 871 1047 955 properanteper
1060 859 1105 933 ho
1126 890 1178 936 ras

191 972 291 1042 Lecta
306 967 385 1040 satis
402 964 541 1053 multas,
558 994 662 1066 pauca
679 965 780 1040 luisse
797 992 927 1065 queror.
1174 1015 1202 1050 ,ο

146 1083 244 1159 Plura
261 1083 316 1158 sed
333 1082 402 1155 haec
420 1080 481 1154 seci
498 1080 674 1176 relegendo
689 1110 792 1181 saepe3
809 1109 1031 1182 necunquam

194 1201 272 1271 Hac
287 1197 385 1280 mihi,
402 1223 500 1295 quam
517 1197 642 1296 primo,
663 1213 758 1291 grata
769 1196 861 1270 luere
876 1197 991 1292 magis.

145 1313 325 1412 Quumque
342 1308 425 1382 nihil
443 1309 539 1382 toties
557 1306 640 1385 lecta
657 1336 674 1380 e
691 1307 861 1382 dulcedine
872 1309 1035 1441 qaerdant,

194 1425 331 1499 Viribus
346 1422 403 1496 illa
421 1423 510 1507 suis,
529 1450 598 1495 non
614 1421 777 1508 novitate,
796 1421 935 1522 placent.

149 1542 286 1630 Felices,
305 1542 427 1642 quibus
445 1539 513 1612 haec
531 1539 605 1638 ipso
622 1566 820 1633 cognoscere
836 1541 871 1614 in
886 1556 980 1626 actu,
1176 1565 1206 1616 15

196 1661 242 1731 Et
259 1675 324 1746 tam
339 1656 482 1729 facundo
499 1653 640 1748 contigit
655 1682 711 1730 ore
727 1652 809 1726 frui!

147 1775 250 1858 Nam,
269 1799 454 1872 quanquam
472 1798 571 1870 sapor
587 1786 637 1844 est
652 1767 761 1843 adlata
774 1767 880 1843 dulcis
899 1770 933 1842 in
949 1772 1055 1861 unda,

183 1929 207 1980 fs
217 1929 258 1980 At
268 1928 342 1979 Getis
348 1928 456 1978 hirsnlt's.
464 1926 488 1979 A
496 1925 569 1979 Getis
579 1945 653 1994 squa-
701 1926 886 1990 -On'spatre't
898 1926 1062 1995 Eloquentiae
1073 1935 1152 2002 patris
1162 1939 1208 2005 tui,

151 2006 221 2071 lidis‚
231 2002 361 2068 barbaris,
375 2014 401 2056 et
411 2003 524 2073 impexis.
535 2006 654 2058 Mnm-
703 2002 747 2071 qui
765 2001 814 2055 snit
831 2021 949 2057 summus
968 2017 1064 2065 orator.
1076 2011 1128 2071 Vel
1143 2015 1208 2070 facie

152 2083 203 2137 Vel
213 2080 299 2151 potius
307 2083 414 2133 hirsutos
423 2082 542 2133 nominat
551 2093 656 2151 propter
702 2091 802 2149 patrem
812 2090 888 2131 tunm
901 2079 1026 2134 reserens.
1036 2085 1113 2139 Men.
1123 2101 1150 2143 et
1162 2094 1191 2144 P,

151 2162 228 2232 pelles
243 2161 371 2224 hirsutas,
392 2159 520 2225 quibusse
536 2159 656 2214 adversus
735 2160 758 2211 8.
776 2159 856 2210 Be'cta
870 2160 945 2224 pleno
955 2158 1025 2225 som
1038 2161 1136 2217 Habita
1151 2169 1212 2222 fre.

151 2242 247 2312 frigora
258 2239 301 2293 illo
313 2239 362 2292 suli
374 2238 437 2293 caelo
449 2256 523 2307 paene
533 2251 656 2308 perpetua
703 2235 794 2305 quenti
803 2235 897 2303 turba,
915 2254 972 2304 quaa
984 2247 1040 2291 erat
1050 2238 1078 2293 in
1087 2239 1149 2299 foro
1159 2247 1209 2315 ju.

151 2318 339 2371 communiant.
352 2315 588 2369 Pom—Masone
598 2319 657 2369 Co!—
704 2315 796 2373 dieiali.
1086 2313 1088 2318 ’

150 2405 185 2447 (a.
205 2397 335 2458 Maxima
352 2403 379 2445 et
397 2392 432 2445 sic
451 2391 527 2444 initio
536 2391 658 2460 Epistola
740 2393 1210 2461 ro.llie'ssepauca.Visamsuisseeam
1234 2455 1236 2458 ,

152 2474 267 2525 Marino
281 2474 367 2524 Corte.
383 2467 435 2522 Hic
446 2468 566 2523 Messala
584 2466 657 2522 Cor·
705 2473 1212 2547 orationembrevem,propterejusele-

150 2549 206 2607 ,vini
217 2548 283 2600 illius
291 2545 449 2600 disertissimi
460 2545 537 2612 lilius,
548 2546 659 2599 Messal·
706 2552 819 2621 gantiam
831 2590 838 2616 ,
850 2561 876 2603 et
888 2571 965 2606 suave
977 2550 1080 2607 dicendi
1092 2575 1180 2624 genus.

152 2628 197 2680 lini
207 2627 304 2693 frater,
315 2625 400 2678 Cottae
413 2645 511 2679 nomen
524 2636 659 2683 mutuatus
745 2649 782 2680 lt.
794 2631 872 2680 Plura
883 2633 931 2682 sed
936 2629 1052 2697 hocfeci.
1068 2635 1129 2685 Hac
1138 2636 1215 2702 paulo

153 2719 189 2760 est
201 2708 232 2761 ab
244 2704 356 2759 Aureliis
365 2706 417 2757 avis
429 2706 570 2769 maternis,
583 2715 613 2757 ut
622 2704 662 2759 di·
683 2742 686 2749 ·
706 2716 766 2775 post
785 2704 921 2775 sequium
939 2724 1018 2773 quare
1027 2709 1213 2779 scribendum,

151 2787 246 2840 scimus
256 2803 288 2834 ex
300 2783 387 2848 Elegia
400 2782 506 2847 ultima,
523 2781 603 2834 Pont.
615 2779 660 2838 lib.
708 2783 757 2833 sed
766 2781 850 2849 effici.
868 2780 903 2835 H.
920 2783 1008 2836 Nostri
1018 2785 1138 2851 decsece'.

153 2859 367 2930 lV,vers.43,in
375 2877 454 2928 quam
462 2868 570 2930 gentem
581 2858 661 2928 adop-
742 2878 779 2910 ta.
802 2862 864 2912 Hac
885 2863 950 2913 mihi
961 2881 1034 2929 quam
1047 2869 1128 2928 primo
1142 2876 1216 2931 grata

152 2941 224 2991 tione
233 2937 403 3001 transiverat,
417 2936 487 3004 quod
496 2955 575 3005 supra
589 2935 661 2990 vidi-
698 2935 872 3002 sacrementis.
887 2941 1026 3002 Nonm'dr',
1039 2949 1211 3008 quamprimo,

153 3037 212 3070 mus
222 3017 270 3069 sub
282 3014 362 3067 finem
372 3015 468 3085 Elegiae
479 3015 600 3069 secunde
610 3015 658 3069 hu·
706 3012 958 3081 eratalneremagi's,
973 3018 1078 3084 lingent.
1087 3029 1113 3071 et
1122 3018 1213 3073 decem

155 3097 196 3163 jus
215 3095 281 3148 libri.
298 3093 427 3146 Maximos
438 3102 526 3146 autern
536 3093 617 3149 dictos
629 3114 660 3149 ex
708 3089 768 3152 alii,
785 3089 873 3158 probe.
884 3095 943 3145 Non
952 3099 1034 3146 minus
1046 3094 1214 3163 Scaligerico-

155 3173 260 3226 Valeria
271 3171 368 3225 familia
377 3170 519 3240 quosdam,
536 3173 660 3241 quemad·
708 3167 772 3234 dex,
786 3169 862 3222 Polit
872 3180 898 3222 ct
912 3182 1024 3239 quatuor
1034 3183 1167 3241 praeterea.
1177 3177 1214 3231 H.

157 3251 267 3305 modum
282 3250 422 3315 Messalas,
439 3250 661 3321 Flaccosfflopti-
744 3247 781 3298 13.
811 3250 935 3314 Quumque
958 3267 1006 3304 sua
1020 3255 1215 3306 toii‘esm'hrteae

155 3332 222 3386 colas
231 3371 239 3397 ‚
248 3330 376 3395 Volmos,
391 3329 507 3384 Catullus
514 3341 542 3384 et
555 3330 660 3386 Aciscu-
708 3326 839 3378 dulcedine
845 3325 959 3390 perdant.
971 3324 1042 3378 Nihil
1054 3339 1091 3381 esl
1103 3327 1135 3380 ad
1146 3333 1214 3400 quod

155 3410 204 3466 los.
216 3419 318 3461 certum
338 3418 383 3459 est.
401 3408 469 3460 Nam
490 3405 557 3459 bello
575 3405 661 3475 nmmo
709 3402 836 3455 reserelur
848 3406 962 3456 to'lolies.
975 3403 1082 3471 degent.
1096 3411 1217 3477 etquin-

155 3487 266 3551 Punico,
275 3485 323 3538 snb
332 3502 430 3536 annum
443 3484 476 3536 U.
488 3483 520 3536 (ἶ.
533 3483 660 3548 coxo,M.
709 3498 760 3547 que
777 3479 833 3544 alii,
851 3499 969 3547 quumque
986 3484 1054 3534 citit
1064 3490 1137 3538 tolc'es
1148 3494 1216 3542 lecta

155 3565 277 3618 Valerius
289 3562 420 3615 Maximus
428 3579 488 3614 rum
500 3561 539 3613 Μ.
549 3559 661 3614 Otacilio
708 3561 980 3626 edulcedrimperdant.
993 3558 1047 3613 Nisi
1060 3563 1216 3629 qnodairi.
1292 3602 1302 3607 -

158 3637 251 3692 Crasso
262 3639 352 3694 consul
362 3635 531 3706 perhibetur,
551 3637 595 3704 qui
608 3635 661 3690 de·
711 3634 759 3692 bus
771 3635 843 3689 abest
856 3640 908 3690 eie.
924 3635 959 3688 Η.

159 3714 224 3766 victa
235 3717 356 3770 Messana
376 3731 522 3783 cognomen
544 3711 661 3767 meane
746 3714 782 3777 il„
794 3715 905 3764 Placent.
921 3715 1092 3772 Veientanus
1104 3716 1214 3772 Heinsii.

159 3789 258 3859 primns
270 3793 381 3845 adscivit.
392 3793 452 3844 Huc
463 3800 489 3842 et
500 3787 569 3841 teser
582 3789 663 3844 Vale*
744 3793 781 3842 15.
797 3792 893 3853 Qus'bus
907 3793 967 3844 dac.
984 3794 1043 3848 Hoc
1051 3795 1164 3864 quinque
1176 3793 1213 3844 li-

160 3868 229 3921 rinm
243 3867 386 3920 Maximum
402 3871 574 3937 scriptorem,
588 3869 662 3937 eujus
710 3864 763 3928 bri;
779 3868 825 3917 hos
838 3865 889 3920 MS
902 3867 1003 3923 Bersm.
1017 3872 1103 3926 Nostri
1113 3873 1173 3920 hac.

160 3945 286 3998 nonnulla
299 3945 442 3999 etiamnum
453 3954 561 4000 exstant.
575 3944 612 3998 Η.
746 3964 782 4013 ¹7·
795 3947 893 3999 Aurata
900 3952 982 4004 dulcis
991 3957 1017 4006 eir
1028 3954 1102 4004 unda.
1114 3948 1214 4000 Adlata

194 4046 215 4095 7.
232 4026 255 4077 0
260 4024 362 4089 juvenis
373 4040 421 4075 aon
430 4027 538 4092 degener.
550 4019 662 4077 OCotta
711 4021 872 4092 Argentinus
883 4028 976 4094 aliique
992 4025 1111 4093 plurimi;
1127 4035 1213 4079 recte:

160 4103 292 4171 Maxime,
307 4101 417 4171 quinon
428 4099 568 4175 degeneras
579 4119 595 4157 a
605 4101 661 4156 tuis.
711 4102 760 4156 nisi
772 4107 859 4157 oblata
869 4105 949 4157 matis.
962 4103 998 4163 H.
