2722 4702
146 397 210 488 372

415 392 454 456 P.
486 388 672 458 0V1u11
705 388 934 458 NASONIS

146 533 240 609 Velle
258 560 333 606 reor
349 529 496 604 multos:
515 529 590 629 quis
608 529 693 602 enim
710 529 791 603 mibi
808 547 874 604 tom
892 531 937 604 sit
953 530 1110 632 iniquus,

194 652 301 750 Optet
317 665 356 721 ut
371 644 521 720 exsilium
538 672 617 746 paee
634 672 742 719 carere
760 646 891 718 meum?

146 770 284 843 Pectore
299 783 331 839 te
349 782 438 850 toto,
457 763 649 864 cunctisque
665 762 854 836 incumbere
873 762 1003 850 nervis,

194 886 240 958 Et
255 882 316 955 uiti
333 909 394 983 pro
412 909 464 954 me
480 896 578 952 nocte
597 878 715 978 dieque
732 877 834 952 decet.

145 1002 258 1100 thue
270 999 383 1098 juvent
399 995 470 1084 alii,
489 1013 525 1069 tu
544 995 645 1068 debes
660 993 788 1066 vincere
804 993 945 1079 amicos,

192 1117 307 1201 Uxor,
325 1132 359 1188 et
376 1112 418 1186 ad
435 1129 546 1213 partes
565 1111 671 1211 primo
688 1109 797 1182 venire
811 1127 893 1182 tuas.

143 1232 269 1326 Magna
288 1229 348 1302 tibi
366 1227 519 1329 imposito
533 1243 583 1300 est
598 1225 723 1300 nostris
740 1252 880 1325 persona
897 1220 1042 1300 libellis:

196 1344 357 1443 Conjugis
374 1341 559 1441 exemplum
575 1341 694 1415 diceris
711 1368 781 1413 esse
797 1338 904 1412 bonae.

145 1464 240 1535 Hanc
259 1488 333 1533 eave
352 1459 550 1554 degeneres:
566 1474 603 1530 ut
620 1457 687 1530 sint
704 1455 870 1555 praeconie
884 1471 1000 1529 nostra
1176 1477 1211 1544 45

192 1578 279 1648 Vera
295 1573 379 1660 fide,
395 1572 488 1645 samae
506 1601 574 1671 quo
591 1570 712 1645 tuearis
729 1599 825 1671 opus.

143 1693 191 1763 Ut
205 1687 290 1760 nihil
307 1688 379 1787 ipse
397 1714 529 1786 querar,
550 1687 651 1759 tacito
667 1694 719 1758 me
735 1684 819 1760 fama
838 1702 1012 1788 queretur,

191 1806 276 1900 Quae
291 1799 407 1889 debet,
426 1800 525 1874 suerit
538 1801 573 1873 ni
593 1800 656 1873 tibi
673 1829 751 1874 cura
769 1801 842 1874 mei.

99 1956 102 1961 ι
144 1987 197 2043 tet,
209 1986 239 2029 ut
251 1987 331 2030 noctu
345 1974 462 2046 invigiles
474 1973 537 2044 quid
551 1973 594 2028 die
604 1934 658 2044 ιιιοΔ

99 2111 102 2119 ,
143 2074 187 2108 me
198 2053 349 2108 laciendum
363 2054 403 2106 sit.

177 2138 217 2204 37.
230 2136 299 2187 Velle
309 2153 364 2186 reor
373 2135 464 2185 nultos
471 2135 520 2200 ρι’.
531 2130 655 2185 Arbitror

144 2212 242 2267 multos
252 2211 359 2281 quidem
371 2229 424 2263 esee
436 2249 443 2276 ‚
457 2209 516 2277 qui,
529 2209 549 2261 si
564 2208 654 2262 volun·

145 2301 198 2345 tate
211 2301 332 2362 possent,
345 2298 390 2341 aut
402 2306 432 2339 eo
441 2287 495 2339 sola
503 2286 653 2351 sufficeret,

145 2389 189 2423 me
201 2370 292 2437 iuvere
303 2365 400 2417 vellent
410 2385 417 2426 ς
426 2362 472 2416 sed
483 2364 606 2417 nonsatis
616 2374 655 2417 eet

144 2445 210 2500 velle
225 2458 339 2496 :verum
354 2449 460 2508 ‘oportet
476 2451 533 2493 toto
549 2449 654 2507 pectore

145 2524 314 2578 inhonorem
323 2530 348 2571 te
359 2514 526 2570 incumbere:
536 2534 655 2567 ornnem-

147 2620 198 2670 que
212 2614 320 2668 operam
338 2613 367 2646 ne
381 2591 544 2664 diligentiam
559 2591 655 2644 adrer-

147 2691 218 2742 tere‚
231 2688 279 2729 etc.
291 2674 394 2725 Mrcrr.
488 2723 492 2732 ,

184 2759 224 2809 38.
249 2757 337 2808 Carere
354 2770 427 2818 pace.
453 2747 551 2801 Carere
573 2747 654 2802 animi

146 2832 331 2902 tranquillitate
347 2850 378 2882 ex
396 2829 435 2881 bis
445 2826 533 2894 curis,
553 2826 580 2878 in
594 2826 655 2896 qui·

146 2915 195 2967 bus
206 2908 311 2964 adsidue
325 2926 422 2960 versor.

179 2995 219 3060 43.
232 2992 330 3058 Mam
340 3007 457 3056 persona.
473 2984 557 3054 Quasi
569 2985 653 3053 dicat,

149 3089 277 3140 magnum
289 3085 397 3120 nornen.

185 3152 225 3215 45.
247 3150 301 3201 Nec
316 3162 377 3198 care
397 3145 535 3210 degeneres.
559 3139 654 3208 Scripti

149 3227 270 3280 meliores
284 3230 435 3276 constanter
453 3223 528 3273 Hauc
539 3238 600 3271 cave
614 3222 656 3271 de·

147 3318 266 3369 generem
285 3299 355 3370 quod
367 3316 460 3350 verum
473 3304 529 3356 est;
543 3293 654 3346 Metam.

151 3379 219 3441 vlt,
232 3397 267 3430 rs.
281 3381 328 3442 542
338 3397 345 3428 ι
357 3399 370 3421 u
386 3376 455 3428 Acer
464 3392 547 3442 equus
563 3390 655 3439 quon-

149 3457 226 3520 dum,
240 3472 391 3524 magnaque
402 3454 430 3505 in
442 3454 547 3522 pulvere
560 3452 654 3519 fame,

150 3536 302 3603 Degenernt
314 3534 411 3602 palmes
423 3570 431 3596 ‚
444 3553 457 3576 υ
471 3533 507 3583 sie
521 3544 546 3583 et
561 3534 596 3585 ibi
609 3551 655 3585 ve·

150 3612 251 3666 terrimi
269 3610 369 3663 codices
383 3631 389 3670 ;
411 3607 523 3673 Statius,
540 3608 582 3661 lib.
593 3610 653 3676 ill,

151 3689 222 3763 sylv.
235 3687 267 3739 de
276 3685 391 3739 Hercule
404 3684 578 3752 Surrentino,
595 3687 655 3740 ubo:

151 3795 165 3820 ιι
177 3770 245 3824 Nam
257 3767 340 3834 capit,
353 3776 379 3819 et
390 3776 492 3820 tanturn
507 3786 561 3821 non
574 3766 654 3835 dege·

149 3847 252 3905 nerobit
272 3844 408 3898 bonorem.
425 3867 438 3892 n
456 3845 546 3916 virgil
560 3846 654 3913 Georg.

151 3931 195 3992 ll,
210 3932 255 3999 59,
269 3941 416 3990 quanquam
429 3923 506 3976 dubie
520 3944 549 3977 :o
559 3925 653 3977 Pome-

703 1991 791 2042 corpus
798 1983 825 2026 e!
831 1979 907 2034 ories,
917 1979 1064 2040 ursinusque
1073 1975 1209 2040 deputet.

704 2054 863 2119 Degenerare
884 2069 972 2104 nom
997 2049 1161 2120 Capitolinus
1181 2053 1209 2105 in

703 2127 795 2198 Opilio
806 2129 946 2194 Maenium
958 2128 1001 2182 ubi
1011 2147 1150 2198 perperam
1157 2128 1211 2184 sat

703 2206 800 2260 mosius
812 2209 963 2274 degenr‘seoe.
991 2206 1212 2262 Animadversio-

701 2303 766 2337 num
778 2303 834 2353 pag.
850 2304 910 2355 ¹7⁰³
928 2283 1039 2351 Statius,
1056 2285 1141 2341 Theb·
1159 2286 1210 2354 IV,

701 2384 768 2418 vers.
790 2367 835 2431 148
856 2383 863 2416 ε
884 2385 897 2410 ι
917 2357 1069 2432 famemque
1088 2365 1210 2418 imman'u

703 2440 800 2495 alumni
821 2439 996 2509 Degenerem
1019 2463 1033 2487 »
1056 2442 1094 2496 ite
1115 2462 1209 2498 censeo

702 2515 868 2570 scribendum
878 2517 1013 2587 :sermoque
1021 2521 1210 2575 uuueeireuus·

702 2595 795 2647 fertur.
808 2592 917 2645 Monuit
927 2597 980 2661 jam
992 2595 1024 2649 de
1033 2597 1160 2666 scripture
1171 2619 1210 2652 co

701 2672 792 2727 dicum
813 2670 1009 2727 Ovidienornm
1030 2675 1210 2746 Ziuserliugus

702 2749 832 2803 Promuts.
843 2747 933 2804 critic.
942 2773 998 2823 cap.
1009 2753 1046 2805 13.
1056 2754 1124 2806 lb-
1131 2751 1174 2807 tu
1183 2766 1212 2809 et

703 2827 772 2897 apud
787 2827 984 2897 Quintilianum
997 2871 1004 2897 ‚
1023 2831 1066 2882 lib.
1077 2830 1149 2898 xlt,
1162 2850 1209 2898 ro,

703 2926 733 2960 er
742 2905 815 2958 Mss
825 2926 831 2959 ι
843 2928 855 2950 o
867 2905 935 2975 Qun
945 2908 1016 2961 velut
1027 2919 1080 2962 sau
1090 2908 1208 2978 quadan
1221 2901 1228 2911 ’

702 2985 793 3042 celum
807 2996 956 3054 terramque
970 2986 1143 3055 degenerant.
1154 3011 1168 3036 υ

735 3064 773 3130 46.
782 3066 865 3116 Fame
872 3083 942 3131 opus.
952 3064 1045 3117 Malim
1056 3087 1122 3120 onus
1132 3085 1205 3137 :pn-

702 3140 805 3193 cedenti
815 3160 889 3194 versu
897 3181 905 3208 ‚
914 3148 1003 3193 uteris!
1009 3145 1106 3197 rectius
1118 3143 1208 3199 vetusti

702 3217 815 3284 codices,
829 3224 1006 3287 quametsr'ul.
1021 3221 1059 3286 Η.

734 3298 773 3362 47.
786 3297 874 3349 Tacito
886 3293 1004 3360 mesum
1015 3309 1134 3364 queretur,
1150 3303 1209 3366 On

702 3376 780 3427 debet.
799 3375 874 3428 Juste
887 3375 958 3427 enim
975 3376 1122 3428 incusemus
1137 3396 1206 3427 uso-

702 3472 776 3518 rem,
790 3472 872 3523 quum
884 3452 916 3504 ab
928 3473 959 3506 ea
971 3453 1140 3519 conspicimus
1150 3472 1208 3508 rna·

702 3532 782 3584 ritum
795 3530 886 3584 deseri.

736 3611 774 3675 48,
787 3612 1024 3663 Furstne'tibr'cm
1031 3610 1087 3657 urei.
1096 3606 1134 3660 Ni
1142 3609 1207 3664 milri

703 3688 822 3756 opitulari
840 3689 975 3742 curaveris
996 3685 1076 3739 Mun.
1092 3716 1126 3729 -
1149 3694 1206 3758 Qu

702 3770 786 3826 debet,
797 3766 879 3835 lueret
887 3773 916 3818 ιιι·
923 3771 973 3819 oti
981 3785 1042 3819 cura
1053 3775 1110 3822 mei.
1120 3772 1163 3824 Tu
1174 3771 1205 3825 sit

701 3857 823 3899 construe
836 3845 892 3898 :Ut
908 3864 958 3913 ego
977 3856 1077 3900 taceam
1093 3889 1100 3913 ,
1121 3862 1205 3904 tameo

701 3920 771 3973 suma
784 3933 909 3991 queretur
917 3933 944 3976 et
955 3923 1079 3994 loquetur
1087 3927 1119 3980 de
1133 3927 1206 3979 teni·

151 4026 202 4076 que
213 4004 374 4073 degenerant
390 4018 477 4054 suoeos
488 4000 567 4053 oblite
580 4001 653 4070 prio·
701 3999 722 4050 si
734 4000 779 4050 tibi
790 4019 851 4053 eure
863 4020 907 4067 en,
929 4021 987 4072 quae
1004 4002 1093 4068 debet,
1109 4002 1140 4052 de
1160 4019 1203 4053 me

152 4102 200 4134 ree
211 4103 224 4126 ν
236 4077 398 4144 Columbo,
411 4077 453 4130 lib.
462 4077 530 4141 Vll,
542 4095 598 4144 cop.
608 4094 651 4140 ss,
700 4075 798 4138 tuerit3
813 4089 843 4131 ut
853 4098 972 4145 comme,
984 4079 1053 4146 Qure
1064 4078 1156 4141 debet,
1171 4077 1203 4130 ud

155 4161 246 4223 Venus,
253 4161 374 4211 ss'tmre‘s
381 4158 530 4216 conceditur,
541 4157 655 4218 comtes
700 4155 835 4219 sequentia
846 4157 984 4210 reseratur.
995 4156 1041 4208 Est
1051 4154 1122 4206 enirn
1138 4161 1202 4230 teip-
