2722 4702
167 301 207 370 ιε
436 307 477 372 r.
514 263 690 379 ovmn
717 312 940 388 nnsoms

159 442 294 517 Mittere
310 469 361 517 me
382 443 512 544 Stygias
528 447 556 520 si
568 448 635 547 jam
652 449 809 527 voluisset
824 457 865 531 ad
884 459 988 535 undas

207 562 335 650 Caesar,
355 559 469 635 inhoe
485 581 593 637 vestra
610 594 681 640 non
698 569 841 663 eguisset
857 601 929 674 ope.

158 676 220 747 Est
238 672 286 745 itti
304 673 412 747 nostri
428 702 497 748 non
511 676 673 753 invidiosa
691 685 817 759 cruoris

205 788 333 891 Copia:
351 789 508 891 quodque
522 792 631 881 dedit,
650 824 752 895 quum
766 799 876 891 volet,
891 801 962 904 ipse
979 805 1072 882 feret.

157 907 227 981 Vos
245 906 362 995 modo,
383 936 468 1007 qnos
485 927 570 985 certe
587 909 681 986 nullo
698 933 780 1015 puto
799 917 932 992 erimine
948 920 1062 1011 laesos,

206 1022 367 1096 Contenti
383 1024 525 1112 nostris,
544 1026 609 1114 Di,
628 1055 760 1128 precor,
778 1047 844 1104 este
859 1029 962 1105 malis.

156 1138 226 1212 Nec
244 1156 371 1228 tamen,
389 1158 429 1213 nt
446 1141 555 1214 cuncti
570 1142 727 1218 miserum
744 1174 871 1221 servare
888 1146 1018 1237 velitis,

201 1251 304 1350 Quod
321 1253 438 1353 periit,
454 1253 578 1328 salvum
593 1256 659 1355 jam
678 1278 779 1359 caput
795 1289 866 1335 esse
883 1278 1003 1362 potest.

155 1371 204 1444 Ut
221 1397 309 1443 mare
325 1368 494 1459 considat,
515 1371 687 1473 ventisque
702 1373 884 1450 serentibus
898 1396 990 1468 utar,

204 1489 253 1560 Ut
267 1486 350 1559 mibi
366 1485 527 1586 parcatis;
543 1515 624 1561 num
642 1488 752 1564 minus
768 1490 859 1564 exsul
876 1495 954 1565 ero?

153 1604 230 1678 Non
248 1631 327 1701 ego,
344 1602 472 1679 divitias
490 1604 605 1679 avidus
621 1606 692 1681 sine
707 1607 770 1681 fine
788 1607 947 1710 parandi,

200 1722 321 1794 Latum
337 1719 504 1795 mutandis
521 1720 686 1796 mercibus
704 1751 819 1823 aequor
836 1752 918 1796 aro:

152 1833 221 1910 Nee
237 1852 334 1938 peto,
354 1863 434 1935 quas
452 1834 618 1935 quondam
634 1838 716 1936 petii
734 1838 919 1928 studiosus,
938 1840 1105 1931 Athenns3
1174 1936 1178 1944 1

203 1952 338 2055 Oppida
355 1979 423 2024 non
441 1951 547 2040 Asia,
565 1979 633 2024 non
650 1951 723 2028 ioca
739 1955 808 2029 visa
824 1957 936 2057 prius:

151 2070 232 2144 Non
249 2085 306 2157 ut,
322 2064 499 2140 Alexandri
516 2063 635 2140 claram
654 2067 780 2143 delatus
798 2071 832 2143 in
850 2071 981 2160 urbem,

97 2250 100 2254 .
201 2184 344 2259 Deliciae
360 2182 505 2271 videam,
522 2181 597 2256 Nile
613 2182 740 2281 jocose,
761 2203 843 2260 tuas.
1179 2209 1214 2261 eo

150 2350 196 2407 illo
210 2352 299 2421 jubeat
309 2353 381 2405 furta
392 2359 497 2420 reperta
506 2348 581 2415 toc0;
596 2371 609 2395 ι·
618 2359 659 2402 at·
742 2351 779 2418 76.
794 2351 856 2404 Aro.
868 2351 976 2420 Navigo.
985 2347 1059 2417 Virg.
1070 2349 1106 2401 Et
1114 2361 1213 2404 vastum

151 2449 203 2500 qne
214 2430 249 2482 ita
263 2430 364 2497 passim.
377 2430 478 2483 Hnttts.
705 2435 783 2482 mels
792 2449 875 2496 equor
884 2431 1013 2480 orandum.

182 2507 223 2576 67.
236 2508 336 2559 cruoris
343 2512 424 2573 copto.
431 2504 527 2558 Mortis
535 2520 600 2555 mcae
608 2521 658 2572 po·
741 2507 779 2573 78.
794 2507 893 2572 Oppida
907 2525 958 2557 eoo
975 2506 1060 2566 Arde,
1083 2527 1133 2559 eoo
1151 2510 1217 2560 me'be'

148 2596 241 2652 tettae,
250 2602 310 2654 quet
317 2602 397 2654 penes
405 2581 536 2635 Caesarem
545 2592 584 2634 est
591 2619 599 2648 ,
607 2592 656 2636 etc.
704 2587 762 2634 oeta
771 2588 851 2648 prius.
868 2584 925 2634 Noo
936 2586 994 2636 loco
1005 2589 1061 2636 viso
1068 2591 1141 2652 prius
1152 2605 1213 2638 cnm

150 2660 271 2717 Ctontt.
703 2660 914 2729 castigatioribus.
927 2661 1014 2714 Asiam
1027 2662 1098 2714 enim
1112 2661 1213 2716 viderat

180 2741 221 2795 68.
242 2740 362 2806 Quodque
378 2737 454 2789 dedit.
468 2734 560 2787 Vitam
576 2754 656 2804 quarn
703 2756 764 2792 cum
773 2737 890 2790 Maximo
900 2759 907 2800 ς
917 2738 995 2792 Ροιιι.
1006 2739 1047 2792 lib.
1057 2740 1093 2804 ii,
1102 2739 1174 2809 Eieg.
1183 2758 1210 2806 x,

148 2821 214 2875 mihi
220 2817 347 2875 concernit
354 2815 495 2885 Augustus.
507 2819 585 2869 Feret.
594 2815 656 2868 Adi·
703 2837 739 2870 vs.
751 2835 779 2868 21
791 2836 798 2868 ι
812 2838 825 2861 e
835 2816 874 2868 Tc
883 2815 963 2882 duce,
979 2816 1128 2886 magnificae
1142 2817 1212 2871 Asiae

147 2911 219 2966 met,
234 2896 335 2967 eripiet.
704 2895 880 2964 perspeximus
899 2896 983 2948 urbes.
997 2896 1128 2949 »Notavit
1144 2895 1211 2951 banc

179 2978 220 3048 ep
231 2979 297 3028 Pelo
308 2975 412 3025 crimine
419 2974 481 3026 lesi.
492 2973 579 3024 Lasos
589 2989 655 3025 con·
703 2993 807 3043 quoque
822 2973 961 3027 lectionem
972 2993 1002 3025 ex
1015 2993 1062 3025 suo
1077 2973 1165 3027 codice
1182 2973 1210 3027 in

147 3052 484 3122 cinniueeeptemretere53
496 3061 523 3103 et
535 3048 654 3118 sequenti
703 3050 935 3106 observationibus
951 3051 1113 3104 doctissimus
1133 3051 1210 3105 Gro-

144 3150 221 3186 vereu
228 3173 236 3201 ,
243 3152 292 3204 pro
293 3135 353 3202 jaer
357 3150 447 3200 precor
457 3129 619 3183 Combianne
627 3139 655 3181 et
702 3129 802 3183 novius.
814 3130 952 3183 Hetru-
962 3131 1060 3199 Oppida
1071 3152 1120 3185 ooo
1129 3134 1209 3186 Arete.

145 3210 267 3266 tttedouit
277 3211 367 3277 codex,
375 3229 421 3263 vos
429 3227 522 3276 precor.
535 3206 619 3260 Servii
627 3205 654 3258 li·
702 3207 803 3262 Meruit
821 3207 893 3261 enim
908 3207 956 3260 sub
969 3209 1008 3260 M.
1022 3210 1161 3277 Varrone,
1182 3218 1209 3260 et

144 3289 193 3344 ber
203 3289 255 3350 Dr,
262 3306 359 3354 precor,
371 3285 452 3337 etiam
463 3286 540 3338 bene.
553 3285 653 3337 Herus.
701 3305 761 3340 cum
772 3306 804 3340 eo
816 3287 844 3339 in
857 3285 946 3340 Asiam
959 3287 1091 3358 proiectus
1102 3300 1148 3343 eet.

179 3366 219 3436 73.
228 3364 464 3417 Ulmoeesodsr'dot.
473 3362 653 3413 Comitiatme·
736 3385 773 3437 79
794 3369 825 3418 Iu
836 3368 918 3417 urbem
928 3368 1076 3419 Alexandri.
1091 3367 1209 3419 Alexan-

144 3447 222 3502 lioree
231 3463 337 3505 omnes,
350 3453 444 3495 etmox
453 3459 510 3491 eom
518 3444 599 3493 minus
606 3461 654 3509 pro
701 3440 785 3494 driam
802 3439 940 3511 inteiligit,
957 3460 1035 3511 qnam
1054 3441 1081 3494 in
1093 3442 1208 3513 AEgypto

144 3541 196 3577 eon
212 3539 328 3591 repone,
347 3518 382 3571 de
395 3535 448 3586 quo
461 3516 493 3569 ad
509 3516 653 3584 Epistulam
700 3517 832 3571 conditam
841 3517 929 3572 deeuo
941 3518 1050 3570 nomine
1063 3517 1207 3587 appellavit.

146 3604 272 3658 ennaea.
280 3593 652 3662 Horren-Venossereaotus.
701 3596 880 3649 Motu—Eam
889 3596 958 3648 luxui
967 3635 974 3661 ,
985 3595 1051 3648 ludis
1058 3607 1083 3648 et
1093 3596 1169 3663 jocis,
1179 3614 1208 3646 ac

144 3681 240 3735 Ventis
254 3674 374 3732 secundis
391 3686 418 3729 et
434 3674 595 3744 portantibus
608 3694 652 3728 me
701 3673 760 3726 vita
784 3673 854 3726 molli
876 3683 903 3727 et
922 3671 1071 3742 voluptaria
1092 3671 1207 3724 deditam

143 3760 173 3816 in
187 3759 323 3815 Ponticam
336 3756 479 3824 regionem.
699 3751 795 3817 fuisse,
814 3753 910 3806 indicat
923 3752 1036 3820 Quintil.
1056 3751 1096 3804 tib.
1114 3752 1143 3816 Ι,
1162 3752 1206 3805 ubi

179 3840 218 3907 74.
230 3837 352 3896 Etrurii&
367 3833 409 3887 tib.
419 3830 613 3884 unueVatieau.
625 3841 652 3883 et
700 3830 809 3882 nimiam
824 3842 965 3898 parentum
978 3849 1039 3900 erga
1055 3830 1148 3883 liberos
1163 3830 1208 3882 in-

145 3911 468 3982 Atdtnu2,umtt1·,·quod
477 3912 652 3980 omninopro·
700 3907 861 3978 dulgentiam
874 3920 982 3964 accusat.
995 3910 1027 3962 N.

144 3998 253 4056 bamus,
266 3993 306 4046 bie
319 3991 391 4044 enim
403 3991 564 4046 etsimilibue
575 4009 651 4059 repe·
732 3988 773 4040 80.
784 3990 852 4040 Tuos
860 3994 971 4043 delicias.
981 3990 1053 4043 Tuos
1061 3991 1137 4060 jocos.
1146 3989 1204 4040 Nile

144 4073 280 4132 titionibus
291 4071 429 4140 sepissime
440 4069 480 4127 uti
489 4078 567 4140 poete
578 4067 651 4126 tolet·
692 4065 790 4133 jocose.
800 4065 890 4122 Nilum
898 4066 1076 4136 ideojocosum
1083 4063 1203 4135 appellat,
