2722 4702
307 313 372 381 nx
396 311 575 380 nonno
599 315 696 381 un.
723 315 752 380 1.
779 294 947 384 nr1s'n.
974 321 1025 386 11.
1136 322 1201 417 269

142 455 201 530 Sed
219 454 258 527 de
277 480 330 529 rne
346 469 385 525 ut
400 449 529 540 sileam,
546 452 666 552 conjux
685 482 755 527 mea
775 456 900 529 sarcina
916 474 1022 531 restra
1039 478 1107 534 est:

183 575 262 646 Non
280 589 377 673 potes
395 570 480 644 hanc
497 569 585 644 salva
601 570 806 646 dissimulare
822 571 896 648 fide.
1046 564 1054 587 l

144 686 300 781 Confugit
315 685 385 760 haec
400 684 443 757 ad
459 714 538 772 vos;
556 703 679 759 vestras
693 684 900 785 amplectitur
915 715 1010 763 aras:

188 808 269 879 lure
285 802 375 877 venit
390 799 498 875 cultos
513 801 554 874 ad
571 801 635 875 sibi
652 803 793 902 quisque
813 805 913 878 Deos.
1153 828 1202 882 150

145 919 306 1020 Flensque
322 933 435 1012 rogat,
453 914 607 1015 precibus
622 914 723 990 lenito
742 918 869 992 Caesare
885 919 1019 1010 restris,

191 1042 296 1112 Busta
312 1036 362 1109 sui
378 1032 460 1106 liant
475 1050 514 1106 ut
528 1033 685 1134 propiora
702 1034 774 1106 riri.

184 1215 236 1283 ¹47·
247 1214 298 1264 Er!
303 1213 498 1264 testraesam'na.
507 1208 572 1261 Erat
579 1208 651 1263 euim
687 1210 759 1262 'bam
773 1209 926 1279 aliquando,
933 1231 999 1280 pura
1009 1218 1211 1269 oerrtcultosad

150 1309 178 1342 ex
188 1290 364 1342 Maximorum
376 1285 482 1340 familia.
699 1291 819 1354 sr’bisoepe
826 1290 910 1355 Deos‚·
923 1300 1020 1356 nlpm
1028 1290 1138 1358 dicatur,
1147 1293 1208 1361 qnia

180 1371 233 1439 149„
251 1369 352 1419 Walters
360 1384 428 1418 aras.
439 1363 533 1417 Vestra
544 1362 650 1429 auxilia,
701 1365 789 1418 aberat
804 1366 864 1418 vir:
879 1365 1009 1421 debebant
1026 1369 1097 1422 enirn
1107 1391 1169 1438 pure
1184 1381 1211 1425 el

148 1465 189 1499 vos
202 1442 334 1514 precando
347 1453 473 1512 tauquam
484 1459 545 1494 suos
554 1440 635 1493 Deos.
703 1453 775 1495 caste
786 1444 856 1496 Deos
866 1447 937 1497 adire
947 1465 955 1497 .·
967 1446 1011 1501 aed
1024 1446 1108 1516 potius
1119 1446 1210 1517 legen-

180 1527 233 1576 150,
239 1525 374 1576 Jureoerrr'!
380 1524 471 1574 cultos.
480 1520 593 1584 Venus,
602 1518 652 1571 nisi
702 1520 890 1589 dumput01«
909 1523 974 1576 Jure
992 1523 1065 1579 renit
1081 1524 1163 1580 cultos
1176 1525 1209 1580 ad

147 1598 231 1665 fallor,
249 1598 367 1668 spurina,
379 1609 407 1652 et
420 1615 501 1666 quern
518 1613 566 1665 pro
578 1594 652 1649 ovi·
701 1597 749 1652 eibi
763 1617 829 1668 sepe
842 1598 945 1654 Deos.»
960 1603 1056 1655 Buten,

147 1677 221 1732 diano
234 1679 276 1731 vix
289 1677 447 1732 admiserim.
459 1672 653 1744 H.-Cogita·
738 1679 791 1728 151.
802 1676 900 1728 leuato.
912 1678 1015 1732 Molle'to
1028 1699 1105 1735 unua.

151 1857 1195 1893 m·

466 1993 772 2079 EPISTOLA
804 1995 896 2080 lll.

560 2378 788 2452 RUFINO.

494 2684 853 2788 nnonnnnrun.

152 2882 190 2934 Ex
201 2879 296 2934 Rufini
306 2879 387 2946 literis
398 2895 523 2946 magnam
535 2899 562 2932 ae
575 2879 670 2947 cepisse
687 2879 847 2949 voluptatem
860 2889 887 2931 et
897 2899 986 2948 apem,
1000 2879 1099 2934 latetur
1115 2892 1191 2949 poeta
1203 2901 1210 2934 ε

183 2981 232 3014 nec
248 2973 337 3011 tamon
358 2978 400 3011 eas
420 2959 538 3026 quamvis
557 2958 725 3028 eloquentes,
745 2969 844 3013 tantam
862 2961 915 3012 vim
936 2959 1053 3012 habuisse
1072 2961 1162 3027 docet,
1182 2973 1212 3016 ut

188 3045 307 3097 dolorem
318 3044 451 3113 potuerint
463 3060 583 3095 amovere
595 3063 602 3096 ι
612 3062 769 3110 mutamque
784 3043 908 3111 adsignat.
923 3044 994 3096 Turn
1007 3044 1103 3097 refellit
1118 3064 1211 3098 eorum

187 3126 318 3194 exempla,
331 3144 395 3194 quos
404 3125 456 3193 ipae
465 3122 564 3176 dixerat
575 3122 636 3179 lorti
649 3126 738 3178 animo
749 3124 834 3177 tulisse
846 3124 979 3190 exsilium,
993 3125 1129 3177 curatione
1142 3126 1211 3193 quod

188 3206 225 3260 illi
244 3220 296 3261 tarn
317 3208 392 3278 louge
408 3207 517 3276 apatria
530 3225 583 3260 non
603 3203 768 3262 ex'sulassent.
786 3208 895 3260 Fatetur
913 3217 1001 3259 tamen
1021 3216 1170 3276 postremo,
1190 3211 1212 3266 ai

187 3290 273 3364 poiaet
286 3295 342 3362 ejus
353 3295 453 3348 enimus
474 3293 567 3358 leniri,
586 3293 664 3362 ipsius
676 3303 802 3362 praecepta
821 3302 848 3346 et
867 3292 952 3344 literas
965 3291 1163 3364 elegantissimae
1184 3297 1213 3352 id

184 3381 299 3436 facturas
314 3379 391 3434 [uisae
403 3399 409 3433 :
419 3398 482 3449 quas
493 3379 551 3432 loto
561 3378 648 3448 magni
661 3378 778 3432 muneris
789 3398 816 3431 se
830 3377 954 3446 accepisse
967 3376 1037 3432 dicit.

154 3551 281 3655 HANG
299 3579 362 3654 tibi
378 3580 468 3652 Naso
487 3596 565 3651 tuus
580 3575 698 3663 mittit,
713 3574 850 3663 Rufino,
867 3574 1020 3668 salutem,

205 3695 273 3788 Qui
287 3696 387 3766 miser
403 3708 469 3778 est,
486 3689 547 3762 ulli
565 3690 593 3762 si
608 3717 688 3763 suus
704 3717 774 3762 esse
792 3707 912 3789 potest.

160 3806 301 3880 Reddita
317 3806 458 3881 confusae
474 3832 581 3907 nuper
597 3803 711 3880 solatia
728 3803 830 3877 menti

191 3973 276 4028 Abest
292 3982 346 4024 tota
356 3971 411 4025 hnc
421 3971 527 4043 epistola
539 3991 553 4023 a
567 3950 661 4026 Sarra-
712 3971 855 4043 proximam
868 3973 1002 4043 epistolam
1014 3963 1160 4052 colorabat·
1178 3959 1216 4051 ll·

161 4053 238 4106 riano
250 4048 347 4103 codice.
364 4048 591 4117 Argentorateuaia
605 4062 662 4120 poet
743 4052 867 4108 amnti.
884 4051 979 4105 Meam
990 4049 1096 4101 Mareu.

1299 1670 1355 1843 s
