2722 4702
145 349 211 414 230
430 347 470 411 P.
497 343 672 410 ovlnll
698 336 925 411 NASONIS

191 487 287 557 Nunc
301 483 483 556 mendicato
501 483 646 582 pascitur
662 483 732 582 ipsc
752 483 838 556 cibo.

143 598 300 672 Passibus
317 598 480 692 ambiguis
499 597 630 669 fortuna
649 594 803 670 volubilis
821 612 922 683 errat,
1172 619 1202 670 15

192 716 237 786 Et
253 730 360 784 manet
377 713 409 784 in
429 711 521 785 nullo
541 729 626 786 certa
645 726 800 810 tenaxque
818 708 910 783 loco:

144 829 209 903 Sed
229 830 326 901 modo
345 829 419 902 laeta
438 847 559 911 manet,
578 826 687 902 vultus
703 827 800 899 morlo
817 825 918 899 sumit
933 825 1089 912 acerbos3

194 948 240 1018 Et
259 963 381 1019 tantum
400 962 554 1018 constans
572 944 605 1015 in
625 942 752 1015 levitate
770 970 826 1014 sua
844 957 902 1012 est.

145 1060 216 1131 Nos
235 1089 367 1160 quoque
384 1059 572 1146 floruimus,
590 1057 647 1131 sed
664 1057 726 1131 llos
743 1074 812 1131 erat
829 1054 882 1128 illc
901 1053 1061 1141 caducus;

187 1171 401 1274 Flammaque
419 1173 458 1244 de
475 1171 594 1274 stipula
614 1189 741 1254 nostra,
759 1169 931 1269 brevisque
948 1166 1021 1239 luit.
1172 1203 1205 1239 20

140 1277 235 1360 'Neie
252 1305 357 1362 tamen
377 1305 443 1361 tota
461 1288 571 1388 capias
586 1286 652 1361 fera
670 1287 787 1381 gaudia
802 1305 928 1373 mentc;

195 1405 271 1476 Non
290 1422 337 1476 est
355 1404 503 1503 placandi
523 1432 598 1502 spes
615 1403 694 1474 mihi
713 1401 802 1474 nulla
822 1403 903 1474 Dei:

148 1516 209 1592 Vel
228 1520 303 1618 quia
321 1518 450 1619 peccavi
463 1520 546 1590 citra
565 1517 689 1602 scelus,
707 1533 810 1615 utque
826 1513 952 1614 pudore

14 1706 19 1729 ,Ι
196 1634 272 1704 Non
291 1650 394 1718 caret,
414 1631 533 1704 invidia
549 1630 595 1704 sic
613 1657 681 1702 inea
699 1629 794 1729 culpa
812 1648 920 1703 caret:

40 1798 48 1831 ·.
149 1743 210 1818 Vel
228 1745 303 1844 quia
319 1745 367 1816 nil
383 1745 515 1838 ingens,
534 1743 573 1816 ad
591 1742 687 1817 linem
707 1744 785 1818 solis
801 1744 844 1816 ab
862 1762 951 1832 ortu,
1171 1762 1205 1812 οε

198 1859 277 1946 Illo,
298 1861 350 1933 cui
368 1878 478 1960 paret,
496 1860 608 1933 mitius
624 1861 715 1934 orbis
732 1860 841 1933 habet.

144 1973 298 2058 Scilicet,
319 1993 436 2049 utnon
454 1994 504 2049 est
520 2004 580 2076 per
597 1977 661 2049 vim
678 1974 874 2075 superabilis
891 1972 970 2060 ulli,

198 2090 302 2163 Molle
319 2118 375 2164 cor
390 2091 432 2163 ad
449 2091 581 2166 timidas
596 2093 642 2164 sic
657 2091 758 2164 habet
774 2089 828 2163 ille
845 2117 966 2189 preces.

149 2204 375 2307 Exemploque
393 2209 515 2293 Deum,
534 2209 656 2307 quibus
672 2232 859 2279 accessurus
876 2206 992 2305 etipse
1009 2221 1076 2290 est,

199 2324 283 2395 Cum
302 2351 404 2422 poenae
422 2322 624 2420 venia'plura
640 2321 786 2411 roganda
805 2337 923 2421 petam.
1175 2342 1207 2394 30

150 2436 186 2509 Si
204 2462 353 2509 numeres
368 2464 455 2509 acino
472 2436 557 2507 solos
574 2455 608 2509 et
622 2435 736 2507 nubila
755 2453 842 2517 toto,

158 2567 164 2574 '
199 2553 346 2623 Invenies
361 2545 502 2619 nitidum
516 2550 634 2648 sepius
648 2550 712 2620 isse
728 2548 822 2620 diem.

152 2670 260 2756 Ergo,
277 2693 316 2738 ne
333 2679 443 2735 nostra
460 2661 597 2734 nimium
615 2660 720 2735 lactere
737 2664 844 2748 ruina,

200 2780 341 2854 Restitui
361 2777 526 2879 quondam
541 2807 594 2851 rue
612 2802 744 2879 qunque
761 2807 859 2880 posse
876 2796 974 2880 puta:

151 2902 252 2975 Posse
271 2915 350 2998 puta
367 2896 455 2983 sieri,
475 2895 577 2970 lenito
592 2895 757 2998 principe,
774 2894 887 2972 vultus
1173 2916 1208 2972 35

186 3066 223 3128 14.
237 3065 285 3114 Ille
295 3067 358 3115 cibo.
370 3064 428 3130 Ipse
440 3060 568 3115 meliores.
582 3062 618 3114 H.
704 3071 800 3130 gustus.
810 3090 843 3103 -
858 3064 908 3114 Est
921 3081 1075 3116 accessurus.
1089 3062 1137 3116 Est
1147 3081 1211 3131 per·

187 3160 224 3207 ¹7·
239 3143 290 3192 Sed
298 3143 370 3193 moda
381 3145 440 3192 leta
453 3151 543 3192 manet.
554 3139 583 3192 si
596 3159 655 3192 rna-
701 3151 828 3194 venturus
839 3140 866 3193 in
879 3160 1020 3194 numerum
1031 3141 1161 3194 Deorum.

151 3226 197 3269 net
206 3217 261 3269 tata
270 3256 278 3282 ‚
288 3237 341 3271 non
351 3230 389 3272 est
400 3218 549 3271 inconstans
559 3236 565 3268 z
575 3218 655 3285 irrep·
734 3220 774 3270 30.
787 3222 929 3285 Campenae
936 3223 1088 3283 versulam
1095 3221 1209 3284 roganda

151 3293 244 3346 sithoc
261 3295 368 3346 verbum
381 3315 411 3354 es
424 3294 580 3362 precedenti
594 3314 654 3346 ver-
698 3305 791 3360 petanr.
810 3298 934 3361 Negandn
952 3295 1128 3354 Cornbinnus;
1151 3295 1205 3346 dun

152 3389 182 3423 su
194 3389 200 3422 :
213 3388 261 3421 nec
273 3379 360 3424 umen
370 3369 430 3422 satis
445 3370 520 3422 video
531 3369 593 3436 quid
607 3389 654 3438 pro
699 3390 755 3424 cnm
765 3377 924 3437 wniapaeaee.
932 3371 1086 3424 Autdesunt
1094 3369 1205 3421 hicnon·

151 3466 183 3500 eo
197 3445 289 3498 debeat
308 3446 415 3514 reponi¹,
433 3445 483 3497 nisi
494 3445 577 3511 torte,
595 3452 654 3501 leta
702 3450 787 3516 nulla,
800 3461 843 3504 ant
853 3445 1140 3502 versusestmendosus.
1151 3445 1204 3498 Pn-

152 3530 227 3581 waic.
240 3524 274 3576 ll.
701 3529 787 3581 tabam
794 3525 947 3596 aliquando,
961 3548 974 3572 π
985 3526 1053 3579 Cum
1066 3539 1203 3589 poenoeve-

187 3623 224 3673 ¹9·
232 3599 350 3666 Flnsfin't
358 3603 598 3657 illecadncnsstmt
603 3602 653 3673 ple·
700 3608 743 3659 nia
753 3606 825 3676 plura
834 3606 942 3659 terenda
952 3615 1029 3674 putat.
1040 3623 1052 3647 ν
1064 3602 1205 3670 Tanaquil-

151 3685 241 3750 rique,
262 3691 288 3734 et
307 3691 376 3734 recte
393 3699 400 3734 :
418 3699 479 3734 narn
493 3681 651 3750 ser'tsequi-
699 3683 739 3737 lus
752 3685 836 3738 Faber
844 3685 871 3736 in
882 3683 982 3752 Epist«
993 3681 1062 3734 Cum
1073 3697 1158 3746 poenae
1166 3700 1206 3734 ve·

144 3772 202 3814 tur.
218 3759 315 3812 llntus.
704 3761 747 3812 nia
759 3762 832 3830 plura
845 3759 956 3831 petenda
969 3759 1046 3812 dabit.
1057 3780 1071 3803 »
1080 3755 1208 3811 Commo·

177 3835 652 3908 29.Exemplobertmlhorumexem·
701 3836 736 3888 do
755 3858 846 3902 sensu,
867 3838 914 3891 nisi
927 3835 997 3905 quod
1013 3854 1117 3889 causam
1134 3835 1204 3888 haud

147 3915 206 3985 plo,
220 3916 263 3985 qui
279 3915 363 3968 solent
380 3914 483 3966 veniam
500 3912 651 3964 mortalibus
698 3912 774 3966 video
785 3912 1022 3983 ,curpetendapro
1032 3913 1149 3981 roganda
1163 3931 1203 3964 se·

149 3993 293 4048 concedere
305 4000 379 4054 aut,
390 3988 433 4057 qui
446 3985 526 4054 magis
536 3988 649 4054 prosint,
698 3989 727 4043 lit
745 3993 844 4070 reponi.
862 3993 895 4045 H.
912 4018 945 4032 -·
961 3993 1040 4045 Forte
1052 3987 1198 4059 scripserit,

150 4092 227 4141 quam
236 4071 437 4136 obsintthrse.
444 4065 530 4119 Etiam
540 4066 592 4134 ipse
600 4067 651 4121 Au·
694 4071 769 4134 μω
776 4070 990 4136 rependissem,
1005 4089 1052 4139 pro
1064 4063 1200 4127 obtinebo?
