2722 4702
328 316 394 381 nx
418 313 596 396 rouro
619 317 717 383 nm.
744 318 797 383 11.
822 318 988 386 nrisr.
1013 319 1058 386 v.
1161 321 1222 406 341

168 457 247 530 dure
264 454 367 549 igitur
383 454 493 529 studio
511 453 652 528 confinia
669 456 811 531 carmina
825 474 955 548 vestro,

215 573 262 645 Et
279 570 462 645 commilitii
478 600 567 646 sacra
586 572 706 647 tuenda
722 589 829 673 putas.

170 687 234 760 Pro
252 686 376 787 quibus
392 705 428 760 ut
444 704 590 774 maneat,
611 686 650 760 de
669 716 737 787 quo
754 686 914 774 censeris,
932 690 1076 776 amicus,

216 804 420 904 Compreeor
434 801 474 875 ad
490 802 562 874 vita
581 818 729 902 tempora
744 830 871 876 summa
889 819 952 877 ture
966 832 975 892 3

170 919 393 1019 succedatque
410 917 476 990 tuis
493 918 585 991 orbis
598 919 785 992 moderator
796 917 957 992 habenis:
1196 943 1229 1013 75

216 1033 321 1130 Quod
338 1060 465 1106 mecum
481 1031 599 1132 popuii
614 1051 692 1107 vota
707 1050 884 1137 precantur
899 1032 997 1108 idem.

169 1206 200 1260 de
214 1206 328 1263 Oratore
343 1226 375 1260 ια
393 1207 441 1260 Est
456 1206 528 1260 enim
545 1207 673 1263 finitimus

169 1286 263 1338 oratori
280 1296 373 1354 poeta,
392 1283 511 1338 numeris
528 1285 674 1339 adstrictior

169 1364 260 1430 paulo,
274 1363 414 1417 verborum
429 1374 518 1416 autem
532 1363 634 1417 licentia
647 1364 673 1416 ti-

168 1437 269 1505 berior,
286 1439 374 1495 multia
386 1458 449 1492 vero
462 1438 574 1492 ornandi
587 1458 673 1509 gene-

168 1517 236 1571 ribus
247 1519 346 1585 socius,
360 1537 388 1573 ac
399 1537 466 1587 pene
476 1537 537 1588 par,
547 1528 594 1571 ete
608 1540 622 1563 ν

200 1599 321 1666 ysaiam
327 1601 472 1651 counitam:
479 1595 606 1651 Carmina
612 1614 673 1650 eon·

168 1671 230 1725 finis
247 1684 334 1727 vestro
348 1673 449 1737 studi03
465 1684 495 1728 ut
514 1673 547 1728 sit
564 1689 672 1727 sensus:

168 1751 225 1817 jure
235 1752 314 1821 igitur
326 1751 445 1808 defendis
455 1753 571 1808 carmina
584 1752 674 1807 confi-

169 1827 211 1879 nia
223 1838 251 1881 et
263 1829 336 1894 quasi
347 1840 453 1896 cognata
464 1841 565 1897 restro,
579 1829 606 1883 id
618 1840 672 1893 est,-

169 1901 285 1955 oraton'o
294 1902 381 1956 studio
392 1915 434 1958 :et
445 1925 514 1960 sacra
525 1917 553 1960 et
562 1907 675 1962 commi·

171 1979 234 2046 litii,
249 1980 297 2034 hoc
307 1990 361 2047 est,
378 1981 404 2034 in
415 1983 506 2050 qudam
513 1984 593 2040 iidem
601 1983 673 2057 qussi

170 2058 363 2112 commilitones
374 2078 471 2111 sumus.
482 2061 584 2115 Mrm.

204 2137 242 2205 73.
258 2140 308 2190 Pm
318 2141 407 2206 que'bus
423 2147 453 2189 s!
464 2156 573 2194 nanas.
589 2140 674 2211 Malui

170 2224 282 2275 maneat,
298 2213 350 2268 seii.
370 2213 544 2269 Germanicum
554 2233 562 2268 ι
574 2225 629 2270 turn
641 2217 675 2271 sit

169 2311 257 2346 umus
273 2312 279 2346 :
294 2311 343 2363 pro
355 2292 450 2361 quibus
462 2308 628 2360 comprecor,
644 2303 675 2347 ut

169 2370 210 2423 itte
218 2370 250 2424 de
260 2390 314 2439 quo
324 2370 451 2435 censeris,
465 2369 515 2425 hoc
527 2378 584 2433 est,
594 2367 624 2425 in
631 2390 675 2425 cu·

170 2450 209 2516 jus
216 2450 326 2503 amicitia
334 2469 362 2503 ae
369 2446 541 2502 familiaritate
551 2457 674 2518 tanquam

171 2536 239 2579 oerta
256 2526 431 2597 aliquantam
447 2527 560 2581 oenseris
577 2545 606 2581 ac
620 2545 674 2581 na·

171 2602 293 2658 meraris:
308 2605 361 2657 sive
374 2604 406 2657 de
419 2605 493 2670 cuius
505 2604 575 2659 sama
589 2622 618 2658 ac
630 2603 675 2657 di-

169 2680 275 2751 gnitate‚
284 2693 438 2751 tuaquoque
445 2681 556 2749 dignitas
563 2690 676 2754 augetur

169 2776 197 2814 ac
211 2757 320 2821 erexit,
340 2758 388 2813 tibi
404 2759 502 2816 amieos
518 2771 624 2816 musae
640 2757 675 2814 ad

721 1208 804 1262 finem
812 1209 871 1262 vica
878 1226 960 1278 usque
969 1219 1035 1270 tum
1045 1206 1166 1276 idemque
1174 1228 1229 1264 sue·

721 1285 796 1339 cedat
808 1285 835 1337 in
848 1283 959 1353 imperio
969 1284 1022 1337 suia
1039 1283 1146 1337 habenis
1157 1323 1165 1352 ,
1179 1285 1230 1341 hoe

721 1371 777 1426 est,
796 1360 844 1414 sibi
861 1359 955 1414 debitis
974 1378 1004 1414 ao
1022 1358 1154 1414 destinatis
1174 1379 1229 1416 non

712 1436 858 1509 'Augusto‚
871 1437 914 1491 cui
921 1439 973 1507 jam
983 1448 1039 1491 tum
1048 1457 1179 1492 successor
1186 1438 1229 1493 de·

720 1513 1230 1570 stinatuseratTiheriuszsedvelTibe·

721 1593 762 1646 rio
773 1592 837 1662 ipsi,
855 1592 895 1646 vei
907 1592 987 1664 ipsius
1003 1592 1058 1647 fitio
1070 1591 1167 1647 Druso.
1179 1592 1231 1648 Vei

722 1688 826 1722 mesum
837 1707 845 1735 ,
856 1672 889 1721 de
897 1674 1067 1738 qaocensen's,
1080 1688 1138 1739 pro,
1149 1686 1229 1740 quem

722 1746 803 1801 modo
814 1746 944 1816 possides,
960 1746 1006 1816 qui
1019 1766 1091 1802 nune
1103 1756 1163 1801 tuus
1174 1756 1229 1812 est,

722 1836 748 1880 et
765 1826 836 1880 velut
854 1845 912 1896 pars
928 1827 1048 1896 quasdam
1064 1846 1157 1883 census
1173 1828 1230 1894 tui,

720 1904 877 1960 sireearmn
887 1906 1128 1976 rsrumdequibus
1138 1924 1232 1961 neme·
1305 1924 1324 1969 ,⁴

722 1984 765 2036 ris.
772 1983 837 2049 Vel,
845 1982 878 2036 de
885 1984 960 2052 cujus
968 1984 1048 2054 gratia
1055 1995 1082 2038 et
1089 1984 1176 2039 farore
1185 1995 1230 2039 tua

723 2059 1230 2130 dignitasaranmanopentee.Mrc.1’.

757 2143 795 2207 75.
802 2139 971 2207 maceratque
978 2142 1032 2191 sais
1039 2142 1107 2191 orbis
1115 2142 1231 2203 nodan-

724 2227 764 2269 tor
774 2218 884 2271 daberis.
900 2215 964 2269 'Teis
976 2216 1081 2267 autema
1092 2232 1187 2285 maana
1198 2233 1231 2271 ss

723 2303 796 2365 parte
807 2303 921 2355 veter-en
939 2309 987 2361 pro
997 2294 1148 2355 moderetur,
1159 2312 1230 2348 nnus

723 2371 874 2433 Hainiensis
890 2373 1064 2434 nodemm;
1078 2378 1167 2440 argute
1180 2389 1186 2420 ;
1199 2379 1232 2424 ut

723 2448 864 2520 &perium
871 2448 1029 2505 Germanteo
1040 2457 1132 2502 voveat
1142 2466 1172 2501 ac
1182 2446 1230 2500 ad-

722 2541 844 2599 precetur
857 2550 863 2584 :
876 2530 996 2588 succedat
1013 2528 1064 2584 tuis
1079 2526 1187 2582 habenis
1202 2544 1231 2580 sc

722 2607 843 2679 regimini
853 2608 923 2664 orbis
929 2608 1110 2663 moderamen.
1119 2606 1230 2660 Putean.

722 2696 750 2739 et
758 2687 937 2742 unus'l'huan.
949 2689 1132 2748 mderandns5
1142 2693 1230 2738 veter·

722 2762 805 2819 rimus
816 2764 987 2820 Sarravianus
999 2769 1147 2820 moderatas.
1160 2761 1196 2818 Η.
