2716 5214
325 824 596 914 rarsrruu
622 847 721 917 nro.
753 849 782 916 1.
816 847 967 921 neno.
999 854 1030 920 1.
1193 876 1228 948 9¹

192 985 332 1075 Tradat,
352 1006 384 1062 et
399 1004 475 1061 ante
493 1003 602 1063 tamen
617 1016 720 1089 pauca
738 989 912 1090 loquatur,
929 991 994 1066 adi.

141 1108 235 1180 Luce
251 1105 354 1192 bona,
373 1104 575 1207 dominoque
593 1124 653 1180 tuo
672 1106 801 1181 felicior
817 1109 890 1209 ipse

195 1222 369 1296 Pervenias
385 1219 477 1308 illuc,
496 1238 531 1296 et
546 1221 632 1296 mala
649 1241 762 1297 nostra
779 1222 875 1299 leves.

144 1336 294 1434 Namque
312 1362 348 1407 ea
366 1333 416 1408 vel
431 1364 549 1422 nemo,
567 1335 618 1409 vel
634 1337 691 1437 qni
709 1336 791 1409 mihi
807 1336 942 1412 vulnera
958 1337 1055 1428 lecit,

196 1446 295 1521 Solus
311 1446 464 1521 Achilleo
479 1447 594 1522 tollere
611 1477 701 1523 more
717 1467 841 1550 potest.
1167 1489 1213 1526 100

146 1565 289 1637 Tantum
306 1593 349 1638 ne
364 1593 500 1654 noceas,
515 1564 592 1638 dum
609 1563 660 1637 vis
678 1564 852 1664 prodesse,
871 1564 1004 1639 videto:

193 1681 278 1751 Nam
296 1709 372 1780 spen
386 1698 437 1754 est
452 1679 554 1753 animi
569 1696 681 1752 nostra
700 1678 820 1750 timore
836 1677 956 1750 minor.

145 1794 297 1893 Quaeque
315 1794 520 1892 quiescebat,
538 1823 579 1868 ne
595 1811 684 1867 mota
701 1793 849 1866 resaeviat
863 1793 929 1879 ira,

191 1909 238 1980 Et
254 1934 361 2006 poenae
378 1925 413 1980 tu
429 1908 475 1982 siu
490 1907 590 1981 altera
609 1936 722 1994 cansa,
741 1934 826 1980 cave.

145 2024 259 2121 Quum
279 2041 385 2097 tamen
401 2024 435 2097 in
451 2042 606 2099 nostrum
621 2022 724 2097 lucris
741 2020 907 2124 penetrale
922 2042 1088 2126 receptus,
1165 2046 1210 2097 105

194 2137 446 2239 Contigerisqne
462 2154 552 2211 tuam
570 2136 692 2212 scrinia
710 2164 809 2211 curva
826 2136 979 2228 domum,

143 2254 316 2356 Adspicies
334 2254 401 2328 illic
417 2256 549 2356 positos
564 2283 603 2329 ex
623 2254 740 2329 ordine
757 2254 891 2344 fratres,

195 2371 292 2466 Quos
308 2370 454 2444 studium
469 2387 608 2445 cunctos
625 2368 789 2464 evigilavit
806 2369 904 2444 idem.

147 2483 275 2557 Cetera
291 2484 386 2556 turba
401 2480 507 2584 palam
525 2482 641 2558 titulos
659 2483 810 2558 ostendet
827 2500 978 2585 apertos,

194 2599 239 2670 Et
255 2625 316 2671 sua
333 2596 460 2672 detecta
476 2598 608 2673 nornina
624 2598 735 2672 fronte
749 2616 849 2694 geret.

140 2714 225 2785 Tres
240 2709 360 2813 procul
374 2711 517 2785 obscura
531 2710 697 2787 latitantes
714 2731 807 2813 parte
824 2713 971 2788 videbis:

192 2828 239 2900 lli
257 2856 411 2930 quoque,
432 2827 522 2930 quod
540 2856 636 2903 nemo
651 2829 773 2918 nescit,
792 2857 900 2903 amare
918 2828 1045 2903 docent.

146 3023 185 3077 Et
197 3041 266 3093 vm,
282 3046 312 3100 ¹9
324 3048 331 3082 :
344 3049 358 3075 «
375 3028 494 3083 Forsitan
507 3029 558 3084 boc
568 3030 648 3097 olim,
697 3049 763 3084 more
770 3035 857 3083 miror.
867 3032 960 3084 Animo
968 3030 1043 3083 multi
1052 3042 1208 3100 veterentur

145 3123 224 3173 quum
237 3127 264 3161 ve
280 3108 412 3162 satiaverit
425 3111 478 3174 ira,
490 3111 568 3164 Tune
580 3130 650 3179 quo·
697 3115 903 3178 magnou'more?
915 3111 1116 3178 Hieron-Spes
1124 3120 1165 3164 est
1172 3117 1209 3164 ΙΙ-

145 3203 192 3252 que
202 3185 310 3238 sollicita
322 3199 410 3240 mente
425 3189 556 3257 rogandus
569 3189 649 3243 erit»
698 3206 764 3240 more
781 3194 867 3242 milior.
889 3190 980 3241 Liceat
1000 3207 1097 3256 sperare
1113 3195 1210 3245 {chenu

173 3264 212 3332 96.
225 3266 264 3315 Et
272 3275 331 3316 ante
342 3274 424 3316 tamen
432 3284 517 3329 pauca
527 3269 649 3333 loquetur.
699 3263 796 3318 Lucan.
806 3265 895 3318 Phars.
910 3265 952 3317 lib.
964 3266 1008 3331 ll,
1023 3285 1088 3321 vere.
1103 3271 1139 3321 15.
1192 3285 1196 3292 ·

141 3344 253 3396 locum
266 3343 423 3396 Bersnranni
437 3344 501 3397 liber
514 3355 542 3397 et
553 3356 606 3397 tres
620 3365 651 3398 ex
736 3348 788 3398 105.
799 3348 831 3396 In
842 3354 953 3398 nostrum
959 3348 1094 3412 penetrale.
1107 3346 1140 3397 ln
1152 3363 1207 3397 no-

141 3421 245 3472 nostris.
260 3419 363 3486 Scribe,
377 3432 408 3474 ut
423 3420 523 3489 parenti
537 3439 598 3473 meo
610 3421 651 3474 vi·
699 3431 783 3475 strum
794 3422 950 3475 cubiculum.
960 3422 1040 3475 Mn.

142 3497 271 3562 debatur,
283 3508 312 3550 a!
320 3510 379 3551 ante
390 3509 474 3552 tamen
481 3517 567 3564 pauca
578 3504 651 3554 locu-
735 3499 788 3552 rob.
797 3501 895 3551 Scn'rria
900 3521 989 3566 parva.
1001 3502 1081 3553 Curva
1087 3496 1146 3551 libri
1154 3517 1208 3553 me·

144 3584 192 3635 tus,
201 3578 274 3635 Μία
283 3574 321 3626 vel
327 3581 443 3644 loquatur
452 3594 499 3642 per
510 3577 650 3644 parenete-
698 3576 776 3632 liorcs
787 3597 881 3648 magna
890 3597 921 3629 ex
932 3589 1013 3647 parte.
1026 3580 1125 3630 Scrinia
1131 3597 1207 3630 cum

144 3651 186 3704 sin
199 3651 383 3716 :morseb'cior
393 3660 448 3722 ipse
459 3673 520 3709 cum
533 3656 650 3711 meliori-
698 3654 1205 3715 Arculas.Hor.l,S.r,120:NeoeeCds-

142 3728 202 3783 bus.
215 3729 317 3783 liuns.
691 3733 852 3796 pim'scn'nr'a
862 3730 928 3794 lippi
936 3729 1205 3795 Comprussepnusu.

172 3826 215 3879 97.
228 3809 297 3860 Luce
309 3811 381 3860 bona.
392 3808 470 3864 Felici
483 3808 540 3875 die,
553 3821 578 3865 οι
587 3810 649 3864 feli-
733 3823 788 3872 ¹02·
800 3805 909 3858 Fratres.
923 3804 1016 3860 Libros
1029 3806 1093 3861 alios
1108 3808 1206 3864 Ovidii.

137 3883 260 3952 eioripao
272 3894 320 3938 tuo
333 3882 455 3951 domium
475 3904 538 3939 narn
553 3906 648 3956 supra:
733 3885 787 3938 ro&
806 3888 875 3951 Quos
885 3889 1003 3940 studium.
1022 3886 1098 3954 Quos
1110 3888 1206 3942 eodem

136 3962 431 4032 Her'mllilyuodom'aeo
438 3985 489 4017 non
495 3966 649 4020 licerium.
697 3979 789 4016 ornnes
796 3961 899 4029 studio,
912 3961 998 4032 vigilia
1009 3973 1036 4016 et
1045 3983 1108 4018 cura
1118 3962 1204 4032 genui.

171 4042 305 4094 rooffore
312 4043 437 4095 Achilleo.
447 4040 650 4097 UtlecitAclril·
733 4059 787 4114 ¹⁰9·
806 4042 904 4094 Titulos
913 4044 1024 4095 ostendet
1032 4051 1139 4108 apertos.
1155 4043 1206 4094 Os-

136 4114 188 4183 les,
202 4117 249 4187 qui
264 4117 414 4187 Telephum
426 4139 441 4171 a
454 4137 482 4171 sc
497 4117 569 4172 bata
586 4138 650 4188 per-
696 4121 780 4173 undet
790 4118 909 4173 Vatican.
922 4129 949 4172 et
961 4139 1004 4172 sex
1019 4119 1061 4172 alii
1075 4119 1206 4172 meliores.

139 4197 358 4263 manentem
370 4198 485 4259 sanavit3
498 4208 525 4250 et
531 4198 610 4253 ovid.
619 4198 648 4251 in
697 4199 773 4255 ldem
785 4217 847 4251 cum
859 4209 912 4268 opt.
925 4197 1006 4252 Palat.
1021 4197 1127 4268 aliisque
1141 4218 1207 4267 qna-

143 4272 223 4337 prirno
234 4274 267 4327 de
277 4274 411 4329 Remedio
422 4274 541 4341 Amoris,
554 4295 590 4328 va.
602 4277 648 4344 47:
696 4287 767 4343 tuor,
773 4287 894 4345 geretpro
900 4281 975 4342 gent,
987 4277 1107 4344 sequenti
1114 4295 1206 4341 veram

142 4368 157 4392 κ
167 4346 266 4405 Vulnus
273 4354 395 4407 Achilleo
405 4371 462 4420 qun
470 4353 648 4422 quondamle·
696 4355 750 4409 duo
760 4365 864 4422 muru
876 4373 945 4406 unus
951 4366 1041 4421 5erent.
1055 4355 1156 4409 Huius.

141 4437 218 4480 cerat
229 4427 309 4498 boeti,
325 4432 452 4486 Vulneris
463 4433 587 4487 auxilium
596 4434 649 4488 Pe·
731 4451 785 4484 ιιι.
804 4434 886 4495 Tres3
905 4430 959 4484 illos
979 4430 1041 4484 dicit
1059 4432 1151 4500 quibus
1163 4449 1204 4482 arv

139 4503 187 4559 lias
201 4502 350 4564 baruntii.
363 4533 378 4557 »
601 4578 604 4583 ⁴
696 4521 750 4564 tem
762 4509 867 4562 arnandi
879 4508 1059 4565 docuituicut
1068 4520 1095 4567 et
1105 4508 1147 4564 alii
1155 4507 1207 4560 do·-

176 4587 650 4657 102.Nampesestauimiaosrmtfi
696 4598 811 4644 euerant
