2722 4702
144 332 209 399 358
377 353 379 357 ·
422 329 462 394 P.
492 327 672 396 OVIDII
694 323 922 394 NASONIS

142 475 211 546 Nec
230 470 321 544 dabit
337 469 471 542 intonso
486 465 639 565 jugulum
656 495 756 567 caper
771 465 881 540 hostia
899 465 1058 556 Baccho,

192 588 305 660 Musta
323 584 386 658 sub
400 582 544 656 adducto
560 582 588 655 si
605 582 688 681 pede
706 581 797 655 nulla
815 580 928 655 fluant„

145 702 253 774 Caesar
269 717 307 773 ut
324 697 454 799 imperii
471 696 659 770 moderetur
675 697 789 784 leaena,
805 725 991 797 pxeeamur,

193 818 274 888 Tam
291 814 375 888 bene
391 842 457 913 quo
475 813 588 915 patrie
605 810 747 886 consulit
765 808 818 885 ille
835 839 911 885 suae.

144 932 306 1009 Utilitas
297 933 400 1028 igitur
417 959 553 1026 magnos
568 930 783 1029 hominesque
801 930 956 1028 Deosque

194 1033 322 1132 Efficit,
340 1043 470 1119 auxiliis
487 1069 620 1147 quoque
636 1042 763 1116 favente
778 1043 857 1116 suis.

144 1166 198 1237 Tu
216 1190 349 1263 quoqne
366 1160 415 1234 lac
430 1159 566 1261 prosis
558 1176 643 1232 intra
661 1175 716 1233 tua
733 1175 839 1232 eastra
854 1157 994 1256 jacenti,

78 1357 81 1363 ,
195 1282 228 1352 0
248 1280 348 1379 Coty,
367 1275 540 1378 progenies
555 1275 654 1370 digna
672 1289 806 1376 parente
820 1292 887 1348 tuo.

147 1393 354 1469 Conveniens
371 1389 497 1462 homini
515 1405 584 1473 est,
602 1388 770 1463 hominem
783 1414 927 1473 servare,
947 1385 1116 1488 voluptas;

46 1500 49 1504 i
194 1511 241 1581 Et
254 1505 371 1580 melius
386 1502 652 1603 nulla-quaritur
666 1521 734 1576 aete
748 1501 849 1574 savor.
1168 1520 1205 1589 4⁰

144 1669 215 1724 anui.
235 1688 251 1719 ι
266 1667 432 1721 Mactabatue
453 1675 542 1718 antem
558 1683 651 1732 porcus
700 1684 762 1717 vum
778 1663 908 1720 adduxere
920 1664 1039 1731 cadaver,
1051 1664 1107 1718 Ter
1117 1672 1202 1719 xena-

146 1747 255 1812 Ceeeri,
275 1747 335 1813 quia
353 1743 403 1797 hoc
421 1743 516 1795 animal
533 1742 652 1811 frugibus
699 1744 767 1798 bunt
782 1744 874 1798 Danai.
886 1769 899 1792 i·
910 1747 946 1800 Η.

143 1835 230 1887 notet.
245 1822 375 1877 sotebant·
388 1821 459 1874 enim
476 1819 588 1874 victimae
602 1839 652 1886 pro
732 1824 771 1888 34.
793 1826 856 1876 Tan
868 1829 930 1878 dm
936 1828 1103 1893 qunpatn'ae
1111 1842 1203 1877 com-

55 1959 58 1967 ,
143 1898 265 1974 qualitate
285 1899 425 1952 numinum
449 1897 579 1951 immolari
601 1908 652 1950 :et
699 1904 854 1966 lita'psesuae.
871 1907 947 1969 Quod
954 1904 1064 1973 Aegeae.
1073 1912 1100 1954 et
1110 1901 1203 1969 paim

142 1977 185 2049 qel
194 1977 376 2043 tendebantur,
385 1995 443 2045 quie
455 1977 550 2029 obsunt
558 1993 652 2028 eorum
700 1976 835 2032 editiones.
847 1981 915 2050 Lege
928 1999 987 2050 qna·
1001 1998 1097 2048 nempe
1112 1979 1205 2048 impe·

144 2054 357 2109 muneribustut
370 2074 447 2124 oaper
461 2054 572 2117 Libero,
591 2054 652 2122 quia
700 2057 759 2110 rio.
753 2076 759 2087 ·
772 2057 867 2110 deinde
879 2062 921 2112 ille
932 2059 1060 2111 meliores
1079 2057 1113 2110 Η.

145 2133 240 2187 vitibus
255 2143 346 2199 nooet,
366 2143 391 2186 et
404 2133 430 2185 in
443 2130 653 2185 omnibussaeria
731 2134 772 2188 35.
793 2136 987 2203 Utilitesega'm
1003 2153 1106 2202 magnos
1123 2136 1205 2187 honi-

145 2209 266 2265 l'eninini
289 2212 391 2281 generis
409 2211 520 2265 victime
538 2208 653 2299 potiores
699 2231 790 2280 aesque
801 2217 917 2283 Deosque
926 2224 975 2267 ete
988 2213 1087 2268 Sensus
1097 2224 1154 2267 eat.
1147 2210 1207 2265 'Ex

147 2298 217 2342 sunt.
272 2328 285 2338 .,
583 2318 586 2325 Δ
700 2292 910 2361 eoigiturqnod
928 2293 1205 2361 prosuntacjuvaut,

177 2368 217 2421 3ι.
225 2366 447 2429 InlmBaccllo.
455 2343 651 2418 Juneritomut-
700 2379 753 2422 tam
764 2369 969 2439 hominesquasn
979 2370 1203 2440 Diixnagnisnnt,

146 2445 167 2497 tx
178 2457 314 2504 veterum
326 2438 468 2507 moxque
484 2452 606 2494 rectum·
615 2439 652 2493 sic
699 2457 726 2498 et
745 2447 882 2511 coluntur,
903 2447 1023 2503 videlieet
1040 2448 1106 2501 duxn
1122 2464 1206 2500 uun&

147 2535 239 2577 eontra
255 2523 282 2574 in
299 2515 380 2573 urin
397 2518 569 2573 baciacum
584 2536 654 2583 am
700 2526 808 2592 quisque
833 2486 938 2578 illoiurn
956 2545 986 2579 ea
1008 2537 1100 2595 parte
1122 2525 1205 2615 iiaqqe

146 2606 278 2666 Mitem,
290 2610 316 2652 et
323 2616 390 2666 saepe
402 2596 510 2652 alibi-H
483 2601 519 2651 Η.
576 2632 580 2637 -
699 2600 796 2652 auxiliis
806 2600 889 2665 lavet,
901 2620 930 2654 ae
939 2602 1046 2671 prodest
1054 2602 1205 2670 nobis‚qui-

180 2675 651 2742 sutauceosubpademacemi·
699 2678 745 2729 bus
769 2675 834 2730 solet
853 2699 881 2731 ac
903 2692 1008 2748 potem
1027 2693 1057 2733 ut
1078 2680 1158 2733 Ceres
1176 2692 1206 2735 et

149 2759 187 2827 pti
201 2759 255 2811 lere
268 2772 377 2816 omnen
392 2764 462 2807 reete
475 2772 482 2804 τ
493 2751 530 2805 aie
540 2752 652 2806 addam
698 2754 815 2809 Bacchus
821 2768 950 2826 proventu
960 2781 989 2814 ac
1001 2759 1129 2815 fertilitate
1141 2759 1206 2813 leu-

146 2841 220 2889 claea
231 2837 297 2889 Fast.
314 2836 326 2888 1
339 2836 465 2886 :adducto
475 2850 547 2883 neno
557 2848 646 2892 amna,
698 2853 760 2903 gum
780 2855 809 2889 ac
826 2836 894 2902 vini,
908 2835 997 2890 Cesar
1009 2835 1164 2908 imperando
1174 2848 1204 2891 et

148 2924 175 2966 et
189 2914 314 2966 addacem
323 2927 425 2972 ramum
441 2909 471 2962 P.
484 2908 540 2974 lll,
557 2909 597 2962 El.
612 2909 650 2975 V,
698 2915 859 2969 consulendo
870 2917 974 2985 patrie,
988 2931 1037 2972 ete.
1057 2920 1161 2972 Mtcxx..

148 3015 184 3049 vs.
199 3013 247 3066 iq:
262 3004 288 3046 et
299 2993 391 3046 similia
400 2990 493 3059 passim
509 2990 577 3058 apud
589 2990 651 3044 No-
730 2993 770 3044 36.
786 2993 900 3048 Auta'lii’s
916 3015 1010 3064 quoque
1019 2997 1127 3063 favente
1143 3000 1205 3049 sads.

148 3086 231 3128 strum
241 3096 247 3135 ;
259 3073 286 3126 id
298 3083 352 3137 est,
364 3081 498 3125 contracto
508 3091 514 3123 :
524 3070 560 3122 sic
570 3068 651 3138 Epist.
698 3070 867 3139 Unoquoque
879 3073 1017 3126 utilitatem
1030 3094 1104 3127 suam
1118 3093 1204 3128 amau·

151 3152 281 3218 Canaces,
301 3170 364 3204 vers.
385 3171 433 3219 27,
457 3154 549 3202 macies
569 3152 651 3200 addu-
698 3156 731 3199 te.
744 3147 843 3216 Exque
851 3150 1207 3222 colligit,utilitatisproprio

148 3238 221 3281 aera!
234 3239 322 3292 νέως
342 3240 368 3281 et
386 3228 495 3280 Metam.
515 3226 572 3289 lll,
585 3244 652 3278 vers.
698 3226 778 3292 gratia
789 3224 843 3279 haee
857 3226 921 3280 fieri.
935 3227 1011 3280 Μιι.

149 3307 211 3376 397,
227 3310 385 3375 Adduci'tquc
393 3314 472 3358 cutem
482 3309 583 3356 macies.
593 3301 651 3355 Val.
729 3303 768 3367 37.
782 3305 853 3355 Intra
867 3314 912 3356 tua
918 3315 1003 3357 castra
1006 3308 1114 3374 jacenti.
1130 3305 1203 3359 Mihi

150 3382 268 3446 Flaccus,
283 3383 325 3437 lib.
339 3386 380 3449 V,
403 3405 415 3427 u
431 3381 541 3434 Vincula
557 3398 651 3449 prensa
696 3380 724 3431 in
734 3390 803 3433 terra
814 3381 950 3435 Tomitana
964 3394 1009 3435 tuo
1020 3383 1129 3450 imperio
1137 3383 1204 3432 sub-

150 3476 231 3511 manu
239 3462 302 3512 saxis
310 3460 516 3512 adduxeratimis
525 3479 531 3511 z
540 3480 553 3505 u
562 3458 650 3525 idest,
698 3459 765 3527 jecta
779 3460 901 3529 relegato.
916 3461 1018 3514 hlxcxxn

151 3546 304 3600 attraxeean
324 3542 463 3590 abduxerat
481 3540 568 3591 minus
584 3539 651 3592 bene
731 3538 770 3590 38.
788 3539 811 3589 O
826 3540 899 3608 Coty.
909 3542 1044 3604 progenies.
1055 3531 1130 3586 Ordo
1142 3544 1201 3590 est:

148 3613 243 3682 vulgati
255 3654 261 3680 ‚
274 3635 355 3684 quum
364 3617 472 3667 abducta
474 3617 583 3683 flumana
590 3635 651 3668 mox
698 3616 725 3670 0
741 3616 825 3684 Coty,
843 3617 977 3686 progenies
991 3615 1078 3682 digna,
1094 3622 1121 3665 et
1136 3615 1200 3668 reli·

149 3703 290 3760 sequantur
302 3712 307 3744 :
320 3692 390 3744 idem
400 3690 466 3743 libro
477 3692 497 3741 V
502 3694 561 3745 l....
576 3714 589 3739 a
606 3711 651 3746 ex-
698 3715 755 3763 qua.
769 3693 900 3748 Ceterum
912 3694 964 3746 sive
978 3694 1036 3744 Coti
1043 3691 1140 3744 scribas
1151 3733 1158 3759 ,
1171 3704 1203 3746 ut

150 3783 246 3824 tremas
259 3770 354 3838 laqueis
372 3770 501 3823 adducere
516 3781 623 3824 tunnas.
636 3792 650 3818 ¹·
698 3773 793 3825 Aldina
809 3772 889 3825 editio
899 3770 996 3824 habet:
1013 3768 1066 3823 sive
1084 3774 1155 3842 Coty,
1172 3782 1201 3824 ut

151 3851 185 3903 Et
195 3846 262 3917 apud
275 3849 413 3914 Nostrum,
424 3848 489 3902 Met.
501 3850 649 3922 Vlll,775‚
697 3850 793 3903 Strabo
811 3863 836 3904 et
856 3851 980 3915 Tacitus,
1003 3849 1089 3903 brevis
1108 3851 1200 3903 eadem

183 3927 450 3995 adductaqaesum'dns
463 3931 542 3980 arbor.
555 3928 651 3982 Statius
696 3926 791 3996 syllaba
803 3930 860 3981 exit.
873 3926 916 3980 Sie
927 3926 1001 3980 enim
1015 3940 1042 3982 et
1065 3931 1158 3998 Tiphy,
1173 3936 1200 3978 et

151 4007 234 4061 Theb.
246 4007 296 4073 lX,
306 4008 351 4060 ubi
362 4008 417 4078 pari
425 4007 505 4059 modo
513 4020 648 4075 pematux,
695 4006 787 4059 similia
797 4007 982 4076 corripiuntur.

153 4089 206 4150 ilo.
224 4109 239 4134 a
255 4085 311 4140 Ter
329 4084 445 4147 Cadmea
464 4081 574 4151 phalanx
596 4096 651 4138 ων·
729 4088 769 4150 lo.
780 4088 868 4140 Nulla.
890 4085 1079 4141 Nulle'Juniae.
