2722 4702
150 328 210 392 108
424 324 464 393 P.
491 325 666 394 ovtntt
691 325 919 395 NASONIS

147 463 212 537 Sed
229 462 298 536 sine
314 462 488 541 funeribus
506 484 605 566 caput
618 465 703 555 boc,
723 467 793 540 sino
808 468 937 541 honore
954 465 1110 569 sepulcri,
1167 487 1200 556 45

193 579 439 680 Indeploratum
455 581 594 655 barbara
610 600 693 656 tetra
710 584 820 677 teget?

144 694 290 795 Ecquid,
308 713 345 768 ut
359 696 521 783 audieris,
541 712 610 771 tota
625 695 802 772 turbabere
817 715 944 780 mente,

194 813 239 884 Et
255 811 351 887 series
368 813 485 913 pavida
503 833 636 914 pectora
649 813 713 888 lida
729 817 855 889 manu?

144 923 293 1024 Ecquid,
311 924 422 1000 iubas
439 926 560 1001 flustra
576 927 712 1002 tendens
730 945 784 1002 tua
799 925 932 1001 brachia
949 947 1079 1028 partes,

195 1038 360 1114 Clamabis
376 1043 486 1117 miseri
504 1071 623 1116 nomen
640 1042 736 1118 inane
752 1043 839 1117 viri?
1172 1065 1205 1116 50

147 1156 248 1231 Parce
267 1175 371 1232 tamen
389 1158 528 1235 lacerare
545 1189 662 1255 genas3
681 1189 741 1235 nec
757 1161 868 1236 scinde
886 1158 1030 1262 capillos.

195 1275 274 1346 Non
290 1275 351 1348 tibi
369 1303 456 1349 nunc
474 1276 631 1375 primurn,
653 1274 712 1350 lux
726 1303 814 1363 mea,
831 1294 944 1378 raptus
961 1304 1027 1351 ero.

150 1387 264 1484 Quum
283 1393 421 1492 patriam
439 1393 553 1482 amisi,
574 1409 644 1466 tum
657 1422 708 1466 mc
724 1394 858 1493 periisse
876 1411 1014 1493 putato:

196 1504 242 1574 Et
257 1504 365 1602 prior,
384 1523 417 1577 et
432 1506 561 1599 gravior
578 1533 667 1579 mors
683 1504 748 1578 suit
763 1503 817 1577 illa
833 1504 923 1577 mihi.

150 1616 264 1702 Nunc,
280 1618 308 1690 si
325 1619 412 1690 sorte
428 1635 540 1718 potes,
558 1619 696 1691 sednon
712 1634 821 1717 potes,
840 1617 963 1716 optima
984 1618 1122 1716 conjux,
1171 1639 1203 1691 55

197 1729 314 1802 Finitis
331 1731 434 1825 gaude
452 1748 504 1803 tot
521 1731 603 1805 mihi
618 1750 723 1806 morte
737 1728 840 1805 malis.

150 1841 259 1937 Quam
278 1855 390 1942 potos,
410 1861 546 1918 extenua
563 1846 641 1919 sorti
658 1845 743 1920 mala
758 1844 856 1919 corde
873 1843 1025 1933 ferendo,

197 1957 253 2029 Ad
271 1987 342 2059 quae
357 1960 550 2060 jampridem
566 1990 633 2035 non
650 1963 731 2037 rude
746 1979 861 2064 pectus
877 1961 988 2036 habes.

149 2122 327 2193 miexscriptis
333 2126 655 2185 latentesocntoscondet:
677 2162 680 2166 ⁴
702 2132 795 2200 quibus
810 2131 902 2201 plenus
914 2127 1004 2180 mortis
1019 2124 1105 2177 bonos
1117 2118 1210 2179 reddi·

149 2210 220 2252 recte
229 2203 352 2256 habentes
361 2211 441 2266 oculi,
458 2208 656 2277 quossupr'entes
703 2219 761 2274 tus,
776 2208 882 2263 Lucina.
896 2205 981 2267 Vllls
995 2205 1148 2273 rtytpytpog
1158 2207 1210 2258 ε’στὶ

150 2288 225 2330 vocat
238 2278 363 2348 Epicedio
375 2281 480 2337 Tibulli.
493 2286 610 2354 Propert
626 2285 654 2350 l,
703 2291 825 2341 ambro-a.
837 2285 949 2336 tustra
962 2289 1015 2331 toro
1027 2279 1115 2345 defleta
1131 2297 1210 2346 repo-

152 2354 192 2408 El.
201 2373 228 2422 x,
239 2377 251 2423 7
261 2377 267 2410 :
276 2380 289 2404 n
300 2357 430 2426 Quamvis
436 2360 551 2415 labentes
557 2379 656 2429 preme·
702 2373 778 2425 num
789 2362 862 2430 Virg.
870 2360 931 2412 AEu.
942 2358 996 2421 Vl,
1009 2376 1057 2409 ano
1065 2375 1072 2410 ι
1080 2357 1125 2410 ubi
1135 2357 1208 2414 bunc

152 2443 193 2484 ret
205 2434 382 2489 mihisomnns
390 2438 496 2500 ocellos,
506 2459 519 2483 ι
527 2437 615 2498 idem,
625 2435 653 2498 l,
702 2437 783 2490 ritum
795 2434 871 2503 plene
887 2433 1015 2489 describit.

153 2510 195 2562 El.
208 2528 257 2574 nr,
271 2513 302 2575 45
310 2532 316 2564 :
325 2535 339 2559 «
348 2514 420 2564 Dum
429 2533 471 2565 me
483 2510 603 2580 jucundis
611 2509 655 2561 la·
736 2513 775 2579 47.
786 2514 893 2578 EcquId,
901 2512 1064 2563 ubt'audr'err's.
1077 2512 1210 2567 Utaudie-

153 2607 225 2657 psam
235 2605 313 2657 sopor
322 2587 425 2656 impulit
437 2589 481 2639 alis
490 2626 498 2652 ,
508 2608 522 2633 n
532 2585 577 2638 ubi
588 2585 657 2638 male
702 2592 739 2640 n's
750 2587 844 2640 rectius
857 2586 940 2640 multi.
954 2588 991 2640 Η.

152 2670 247 2718 lassam
259 2665 375 2732 Lipsius,
388 2665 450 2716 Ant.
464 2664 534 2716 Lect.
547 2663 589 2716 lib.
599 2663 655 2728 lV,
736 2669 777 2738 ⁴9
796 2669 909 2720 Tendens
925 2677 969 2721 tna
986 2669 1090 2720 brachia
1100 2677 1208 2733 partes,·

141 2762 206 2812 cap.
217 2759 262 2809 xi,
274 2740 392 2809 reponit;
407 2750 433 2792 et
444 2739 487 2791 lib.
496 2739 523 2792 ll
533 2778 540 2805 ,
552 2739 592 2791 Et.
603 2756 655 2793 xv:
704 2756 783 2799 terras
795 2764 862 2798 nnus
877 2745 933 2800 rod.
947 2748 1032 2798 tendes
1045 2746 1121 2814 prim.
1135 2745 1209 2799 editt.

155 2842 169 2868 ‘t
184 2821 232 2875 llla
243 2840 314 2874 meos
324 2838 418 2872 somno
438 2819 520 2888 lapsos
536 2818 657 2888 palelecll
704 2821 897 2889 teudassrustra
908 2823 1006 2875 Lovau.

154 2899 247 2954 ocellos
258 2922 264 2964 ;
277 2922 290 2946 o
302 2899 369 2954 male
380 2900 432 2953 illic
442 2904 525 2953 lassos
535 2918 606 2953 nuuc
617 2919 658 2952 ex·
739 2904 777 2954 Sa.
794 2902 852 2953 Lar
866 2920 927 2954 mea.
946 2901 986 2953 Ne
999 2900 1055 2968 quis
1074 2908 1162 2967 putet,
1179 2898 1209 2952 in

153 2989 218 3044 stan
231 2998 292 3032 uam
304 2978 354 3032 uisi
363 2980 415 3047 jam
427 2979 508 3048 lapsos
518 2996 571 3030 nou
583 2988 658 3047 pote·
707 2979 860 3032 meretriciis
866 2989 966 3032 tantum
972 2976 1210 3030 blandimentislre·

155 3071 196 3114 rat
209 3058 325 3133 Cynthia
336 3059 488 3132 patefacere.
499 3060 576 3112 Oculi
584 3066 659 3110 morte
707 3056 828 3125 quentari
838 3056 890 3121 illa,
898 3056 940 3108 lux
949 3095 956 3122 ,
964 3056 1015 3109 vita
1023 3095 1031 3122 ,
1040 3053 1208 3120 desiderium,

155 3144 272 3194 cadeates
283 3140 384 3207 Statio,
396 3140 440 3193 lib.
452 3139 494 3194 lll
507 3136 656 3210 Sylvarum,
708 3135 809 3199 anima,
823 3145 871 3188 etc
884 3133 962 3186 ctiam
974 3134 1001 3186 in
1015 3131 1209 3200 conjugalibus,

157 3216 189 3269 ad
199 3218 336 3274 Claudiam
349 3237 521 3285 moremus
533 3217 574 3289 ³,
588 3216 659 3268 Cou-
708 3223 757 3266 etc.
764 3222 936 3280 usurpantur:
948 3223 974 3265 et
982 3210 1074 3279 iustius
1082 3208 1208 3277 ntiquein

156 3301 214 3349 dere
227 3301 312 3349 oculos
328 3317 376 3366 pro
390 3298 509 3350 claudere
523 3293 603 3348 etiarn
614 3291 660 3346 la-
708 3288 763 3355 bis,
775 3307 853 3358 quarn
867 3289 894 3340 in
907 3289 962 3342 illis.
974 3289 1150 3353 Pellam
1160 3304 1209 3338 ero.

157 3370 256 3425 miliare
275 3373 370 3425 Nostro
385 3381 442 3425 est:
456 3370 526 3424 idem
542 3370 663 3440 Propert.
709 3365 801 3418 Malim
812 3385 864 3434 egat
876 3364 912 3417 Η.

158 3447 661 3518 tib.1V;Et.utut33:«Te‚Lepide,et
743 3445 782 3499 53.
797 3446 867 3497 Tunc
878 3447 1128 3513 mepeniltsepnmo.
1144 3438 1211 3508 Eie-

159 3540 195 3594 te,
203 3527 294 3593 Paule,
302 3546 392 3580 meum
401 3537 458 3596 post
466 3525 519 3578 lata
527 3527 663 3593 levamen,
709 3533 751 3576 cto
764 3542 778 3575 e
791 3519 873 3591 patria
881 3539 952 3574 ruors
963 3529 1000 3573 cst
1011 3517 1096 3574 civilis.

161 3606 275 3662 Condita
286 3617 348 3662 sunt
358 3616 443 3660 restra
458 3604 557 3657 lumina
572 3617 662 3661 nostr-a
742 3604 781 3670 57.
792 3603 947 3668 Quodpotes.
959 3601 1114 3665 Quampotes
1125 3595 1212 3651 multi.

159 3703 240 3738 manu
251 3705 257 3749 ;
268 3707 281 3731 ιι
294 3685 329 3738 ita
341 3683 412 3737 enim
427 3680 512 3745 malo,
525 3699 604 3748 quarn
617 3701 663 3735 oe·
710 3679 836 3734 Nonnulli
847 3681 927 3732 etiam
939 3680 1002 3744 Qua.
1015 3678 1050 3730 Η.

143 3769 145 3772 ’
159 3772 211 3815 stro
223 3767 280 3814 seire
292 3760 361 3831 quod
373 3781 445 3815 nunc
459 3758 560 3829 legitur.
573 3760 608 3813 H.
743 3761 782 3811 58.
798 3759 845 3810 Ad
856 3761 924 3809 mala
928 3756 1085 3822 jampridem.
1101 3753 1149 3807 Ad
1159 3771 1211 3822 qu

192 3841 232 3907 46.
244 3843 426 3908 Indeploratum
438 3831 544 3893 barbara
552 3847 617 3891 term
624 3851 663 3895 te-
710 3835 785 3889 multi
796 3841 989 3895 vererumne
1000 3851 1006 3884 :
1019 3852 1068 3886 nec
1078 3832 1210 3902 pauciores

161 3927 207 3985 pet.
216 3917 277 3971 Non
286 3917 427 3983 delletum,
438 3921 567 3970 ἄκλαυστον.
576 3908 662 3973 dueu-
714 3914 815 3980 thue.
829 3911 903 3981 Quid
911 3910 931 3963 si
942 3922 1096 3979 reponatur,
1109 3931 1122 3954 a
1133 3907 1213 3974 Quo·

161 4020 227 4062 στος,
241 3999 331 4067 ἄταφος.
344 3995 387 4049 Sic
405 3994 488 4049 Plaut.
505 3988 662 4062 insepultum
711 3982 1211 4060 rumjampriderunonrudepectnsba-

163 4072 292 4130 defodere.
310 4073 382 4129 Hinc
393 4071 482 4128 delicti
492 4069 661 4137 dicebantur,
709 4067 774 4125 bes?
785 4090 798 4116 u
807 4069 843 4124 sic
854 4091 867 4116 «ι
879 4070 984 4137 juvenci
993 4068 1071 4123 rudes
1078 4079 1190 4132 opetum
1196 4083 1216 4108 »·
