2716 5214
144 827 234 912 sss.
431 825 471 890 r.
498 825 674 894 ovrnrr
700 820 928 894 NASONIS

194 967 242 1037 Ut
256 962 407 1036 minuant
422 962 512 1037 nulla
531 965 649 1060 gaudia
667 983 757 1066 parte
773 965 907 1039 malum.

144 1082 228 1154 Ecce
245 1079 364 1164 domo,
382 1079 552 1179 patriaque
570 1109 702 1168 carens,
717 1079 886 1180 oculisque
904 1106 1075 1171 meorum,

193 1195 380 1289 Naufragus
396 1194 430 1265 in
449 1194 555 1268 Getici
572 1194 677 1269 litoris
693 1213 783 1270 actus
801 1224 917 1295 aquas3

145 1312 240 1407 Qua,
262 1327 372 1381 tamen
390 1308 513 1397 inveni,
532 1309 659 1385 vultum
678 1310 878 1400 diffundere,
894 1339 1045 1401 cauum,

197 1428 351 1513 Possem,
368 1427 508 1501 lortunae
525 1457 585 1502 nec
601 1429 787 1502 meminisse
802 1456 888 1503 meae.

146 1543 230 1615 Nam
247 1542 347 1628 mihi,
366 1571 467 1642 quum
484 1542 571 1619 fulva
588 1545 691 1618 tristis
705 1545 864 1645 spatiarer
877 1573 992 1633 arena,

196 1653 274 1728 Visa
292 1672 376 1728 esta
393 1673 484 1750 tergo
500 1684 603 1756 penna
622 1656 749 1730 dedisse
764 1685 891 1730 sonum.

147 1768 304 1868 Respicio
319 1799 327 1842 :
340 1797 399 1842 nec
416 1800 536 1872 corpus
554 1790 623 1846 erat
638 1771 728 1872 qnod
747 1799 877 1845 cernere
893 1799 1052 1872 possem:

195 1883 305 1960 Verba
321 1903 428 1959 tamen
447 1904 523 1960 sunt
539 1887 607 1961 lraec
624 1916 701 1962 aure
717 1902 846 1988 recepta
864 1914 959 1961 mea:

146 1995 199 2067 En
215 2022 277 2092 ego
293 1997 439 2073 lectarum
456 1999 551 2073 venio
570 2000 632 2074 tibi
648 2001 765 2073 nuntia
779 2025 910 2087 rerum,

194 2111 292 2184 Fama
308 2141 367 2211 per
382 2114 554 2188 immensas
569 2141 641 2187 aere
658 2114 749 2214 lapsa
765 2114 842 2186 vias.

147 2223 291 2297 Consule
309 2227 487 2326 Pompeio,
507 2257 574 2328 quo
591 2256 659 2301 non
677 2229 740 2303 tibi
756 2229 864 2302 carior
877 2227 975 2315 alter,

194 2337 363 2415 Candidus
380 2360 412 2414 et
428 2341 505 2416 felix
522 2345 694 2444 proximus
709 2372 815 2420 annus
832 2345 904 2418 erit.

97 2507 99 2513 .
144 2454 238 2527 Dixit
253 2486 261 2528 ε
276 2476 328 2544 et,
345 2477 383 2531 ut
400 2457 475 2533 laeto
489 2462 635 2534 Pontum
652 2490 785 2536 rumore
800 2460 953 2562 replevit,

191 2571 245 2644 Ad
262 2592 376 2668 gentes
393 2575 472 2649 alias
490 2576 565 2649 hinc
583 2578 653 2649 Dea
669 2577 767 2650 vertit
781 2577 852 2649 iter.

146 2683 192 2754 At
208 2683 306 2772 mihi,
324 2685 458 2788 dilapsis
477 2688 562 2762 inter
577 2718 663 2762 nova
680 2689 798 2783 gaudia
815 2688 921 2772 curis,

193 2803 325 2876 Excidit
341 2805 499 2903 asperitas
514 2804 613 2901 hujus
630 2805 744 2903 iniqua
761 2802 835 2876 loci.

146 2918 235 3012 Ergo
251 2918 327 3003 ubi,
344 2921 426 2991 Jane
443 2919 578 3018 biceps,
595 2915 729 3012 longum
748 2917 940 2991 reseraveris
953 2945 1095 3005 annum,

195 3031 318 3106 Pulsus
334 3050 367 3105 et
383 3062 401 3105 a
419 3061 510 3106 sacro
527 3059 638 3106 mense
653 3032 822 3106 december
834 3031 914 3118 erit;

176 3222 201 3276 6.
222 3225 258 3275 Is!
267 3231 379 3277 metuant
390 3228 461 3276 nulla
470 3228 566 3290 gaude'a
572 3232 645 3289 purte
730 3222 765 3273 18.
777 3223 843 3273 Erit.
856 3224 921 3274 Erat
928 3241 998 3274 unus
1006 3244 1012 3284 ;
1021 3222 1148 3274 eaetVstic.
1160 3243 1198 3292 ¹9·

144 3304 244 3354 malum.
265 3301 405 3370 Eleganter
427 3302 523 3370 Regius
547 3301 644 3360 codex,
730 3317 768 3370 ¹9·
789 3301 863 3350 Leto.
882 3301 954 3350 Moto
975 3299 1078 3360 Servii,
1095 3302 1199 3350 clamore

145 3399 159 3424 α
169 3379 208 3432 Ut
218 3379 336 3432 minuant
344 3378 581 3449 nullagaudiapace
595 3398 647 3430 ma·
698 3375 770 3427 laeid.
782 3377 891 3428 Putean.
900 3386 925 3428 et
937 3378 1015 3444 prim.
1027 3377 1089 3430 edic

144 3455 209 3509 lum.
227 3479 240 3503 r
261 3457 300 3510 lta
318 3456 411 3526 passim
424 3475 528 3524 pacem,
541 3467 567 3509 et
579 3467 650 3510 tutus
731 3455 770 3506 23.
788 3457 901 3521 longum
911 3473 1013 3506 annum.
1029 3457 1143 3523 Longu
1154 3453 1202 3507 ad·

144 3543 233 3587 utesse
241 3534 332 3603 possit,
342 3545 415 3604 rogat
425 3534 563 3603 etoptatin
576 3533 616 3588 his
623 3530 651 3586 li·
698 3533 775 3602 pellat
783 3573 790 3598 ,
799 3552 830 3586 ex
837 3531 932 3587 allecto
944 3544 1044 3602 poete,
1056 3537 1096 3588 cui
1106 3533 1202 3604 proni

145 3610 205 3663 bris.
214 3612 338 3666 Attamen
349 3611 478 3681 vulgatam
489 3629 591 3664 servare
604 3610 650 3662 de·
697 3609 752 3662 mio
764 3609 892 3663 desiderio
903 3609 992 3664 tardum
1007 3624 1036 3666 et
1050 3613 1154 3683 longior
1164 3614 1202 3666 vi-

146 3688 207 3754 bui,
220 3690 324 3759 reliquis
338 3689 480 3744 tuentibus.
697 3688 776 3742 detur
785 3687 905 3758 incipere.
915 3688 996 3745 Auni.
1005 3692 1146 3744 communi
1158 3691 1202 3744 La·

180 3787 201 3834 7.
222 3768 356 3837 oculisque
366 3786 480 3821 morum.
495 3767 529 3820 Et
539 3784 650 3836 prusen-
697 3764 814 3818 tinorum
824 3765 951 3819 sententia
962 3805 969 3829 ,
982 3776 1037 3820 tres
1044 3779 1205 3821 tantummo-

144 3842 179 3896 tia
190 3847 342 3902 amicorum.
354 3848 397 3902 Sic
411 3845 649 3901 CicadFamiliar.
696 3841 732 3895 do
756 3861 869 3896 numero
892 3845 1068 3912 reperiemur.
1091 3849 1204 3898 hunt

149 3920 242 3976 Oculos
258 3932 347 3980 saltem
364 3925 518 3993 effugiam
529 3927 644 3986 idom,
697 3920 804 3990 quidem
824 3921 937 3989 primm,
952 3921 1072 3974 omnium
1092 3921 1199 3972 brevis-

146 3999 306 4054 sr‘auresnon
312 4021 452 4068 possumus.
696 3997 795 4064 simus,
813 3997 858 4068 qui
875 3997 980 4066 triginta
997 3997 1095 4051 dierum
1109 3996 1201 4062 spatio

179 4092 203 4144 p
225 4078 324 4130 Vallum
344 4076 492 4146 dfffiendm.
515 4077 647 4131 Gaudium
695 4093 800 4129 cursum
808 4072 1148 4144 perlecteperagitSolatr's,
1165 4071 1203 4127 de

146 4147 395 4222 diffunditspiritus,
407 4153 648 4209 ethincetiamvul·
663 4194 665 4198 >
695 4173 750 4222 quo
758 4153 895 4222 saepissime
907 4163 987 4220 poeta
997 4151 1143 4217 loquutur,
1154 4153 1203 4220 qni

147 4238 213 4282 tum.
232 4225 348 4282 Tristitia
362 4243 452 4287 contra
468 4231 572 4302 spiritus
586 4251 648 4287 con·
695 4253 743 4302 per
752 4251 855 4286 menses
871 4228 1010 4282 duodecim.
1025 4227 1063 4280 Et
1076 4248 1201 4298 magnas,

146 4304 227 4361 trahit
242 4323 303 4357 cum
315 4307 396 4362 vultu.
409 4311 439 4364 P.
695 4311 739 4379 qui
748 4306 883 4363 duodecim
889 4303 1120 4373 milliaannorum,
1128 4309 1202 4376 quin·

181 4405 219 4437 ιι.
236 4386 318 4439 Fatua
324 4402 409 4438 amna.
418 4388 450 4440 ln
460 4387 535 4443 litore
547 4389 572 4442 T
573 4389 646 4442 omi·
694 4399 788 4458 gentos
797 4383 1017 4455 erqotuqoaginra
1026 4385 1158 4439 eontinet.

147 4469 219 4514 tano.
728 4467 766 4532 ²4·
780 4469 890 4518 Assem
901 4480 993 4516 meuse.
1010 4462 1034 4515 A
1054 4462 1197 4526 Jauuario,

163 4540 200 4592 ris
212 4538 530 4609 &praesentassemus
538 4543 645 4610 pnedlt
693 4544 738 4611 qni
757 4563 831 4598 sacer
848 4553 905 4600 erat
921 4543 992 4598 Jano
1007 4542 1074 4598 Deo.
1088 4568 1121 4584 ·-
1141 4542 1199 4593 Bn't
