2722 4702
165 388 230 471 340
441 384 691 452 e.ovtn11
722 379 951 450 nusonts
1057 368 1060 375 '

162 525 264 608 Mox,
281 521 341 596 ubi
360 519 457 622 pulsa
474 549 565 594 mora
582 537 652 608 est,
669 536 768 620 atque
786 547 825 594 os
842 517 968 594 caeleste
983 520 1153 613 solutum,

210 642 287 714 Hoc
304 638 450 739 Superos
466 639 556 737 jures
571 665 663 711 more
680 635 783 711 solere
801 635 918 736 loqui:

165 755 294 854 Atque,
313 753 382 825 haec
397 768 465 840 est,
482 751 587 838 dicas,
605 748 755 824 facundia
771 749 921 850 principe
938 749 1061 845 digna;
1195 775 1228 827 55

210 867 356 968 Eloquio
374 885 503 941 tautum
517 864 700 940 nobilitatis
715 865 818 939 inest!
897 942 901 951 ,

163 982 251 1056 Huic
267 999 304 1054 tu
322 1009 425 1082 quum
444 976 592 1081 placeas,
611 997 644 1053 et
659 978 778 1053 vertice
795 977 900 1052 sidera
917 994 1055 1073 tangas,

214 1094 345 1196 Scripta
364 1111 471 1166 tamen
486 1091 622 1193 profugi
635 1092 719 1167 ratis
733 1091 883 1167 babenda
901 1109 1008 1193 putas.

164 1212 297 1286 Scilicet
314 1208 455 1306 ingeniis
472 1206 582 1307 aliqua
598 1224 649 1282 est
666 1206 841 1281 concordia
856 1206 997 1304 junctis,

213 1332 259 1402 Et
272 1343 377 1402 servat
396 1322 497 1399 studii
513 1322 635 1398 foedera
653 1324 792 1424 quisque
810 1323 873 1396 sui.
1194 1350 1230 1400 σο

163 1443 323 1518 Rusticus
339 1435 535 1536 agricolam,
550 1435 645 1511 miles
662 1436 729 1508 sera
745 1434 832 1510 bella
850 1451 1032 1531 gerentem,

213 1559 389 1631 Rectorem
407 1551 517 1625 dubiae
531 1551 641 1623 navita
656 1550 780 1650 puppis
797 1568 892 1624 amat.

164 1673 218 1744 Tu
235 1695 371 1769 quoque
387 1664 554 1738 Pieridum
571 1664 701 1752 studio,
720 1663 889 1756 studiose,
907 1664 1042 1754 teneris,

65 1874 70 1883 ι
210 1782 416 1881 lngeuioquc
433 1779 540 1865 laves,
558 1777 748 1873 ingeniose,
766 1804 850 1853 meo.

75 1898 82 1917 ²
98 1936 111 1949 ··
161 1899 273 1973 Distat
287 1924 372 1997 opus
389 1913 562 1984 nostrum;
581 1895 638 1968 sed
653 1895 805 1970 fontibus
820 1896 887 1970 exit
903 1894 946 1969 ab
962 1896 1091 1972 isdem:
1192 1918 1224 1973 st

209 2013 303 2087 Artis
323 2031 357 2088 et
374 2013 523 2107 ingenua
537 2011 645 2087 cultor
659 2028 797 2113 uterque
815 2039 938 2087 sumus.

161 2126 312 2230 'l'byrsus
329 2129 415 2203 euim
432 2128 548 2216 vobis,
565 2144 691 2224 gestata
706 2145 758 2203 est
774 2126 881 2200 laurea
894 2126 1008 2213 nobis;

211 2244 277 2318 Sed
294 2262 402 2321 tamen
417 2242 580 2319 ambobus
597 2243 697 2319 debet
715 2243 822 2317 inesse
837 2241 935 2317 calor.

163 2359 276 2458 thue
291 2355 373 2430 meis
389 2356 535 2429 numeris
553 2373 607 2428 tua
625 2355 682 2427 dat
696 2354 847 2428 facundia
864 2383 998 2444 nervos,

212 2471 267 2543 Sic
284 2467 375 2541 venit
390 2467 521 2540 anobis
536 2469 571 2540 in
588 2484 643 2538 tua
663 2468 761 2542 verba
778 2469 875 2542 nitor.
1194 2510 1226 2566 7⁰

194 2636 233 2689 53.
251 2635 304 2688 Uti
313 2637 391 2702 pulsa
408 2643 536 2687 moreest.
550 2632 669 2701 Quando
717 2636 759 2690 vis
774 2646 813 2688 cst
828 2635 934 2706 adsequi
947 2641 1012 2708 quid
1025 2638 1096 2696 vettc
1112 2642 1177 2695 Nam
1194 2640 1224 2694 in

161 2710 308 2778 silentium,
318 2710 387 2779 quod
399 2708 555 2779 aliquamdiu
567 2711 667 2774 tenuit,
716 2712 952 2783 scriptiscodicibus
959 2729 1076 2773 monstra
1084 2718 1223 2774 lectionum

160 2795 355 2864 rupit-Atque
365 2813 394 2846 os
406 2794 624 2845 celestesotutm.
633 2792 668 2846 Et
716 2803 878 2859 comparent.
886 2793 1056 2849 Sacrarianus
1066 2818 1072 2850 :
1083 2819 1096 2842 s
1108 2795 1222 2867 Tbyrsus

162 2872 314 2927 Germanici
325 2869 443 2924 divinum
451 2890 479 2924 os
487 2868 559 2938 loqui
567 2871 650 2939 coepit.
716 2869 853 2923 sublestate
863 2883 962 2939 gestata
974 2887 1013 2928 est
1024 2876 1110 2928 laurea
1120 2872 1203 2927 nobis.
1210 2896 1224 2920 a

193 2955 231 3022 59
245 2950 465 3017 Ingenirslienctis.
477 2947 592 3018 ingeniis
601 2966 667 3002 con·
719 2946 880 3002 Combianus
893 2953 1004 3023 Thyrsas
1015 2958 1168 3007 ubiestate.
1177 2954 1225 3008 Po·

160 3027 255 3097 junctis
267 3038 294 3080 et
304 3026 427 3095 colligatis
442 3025 470 3078 in
485 3025 569 3094 aliqua
585 3025 667 3080 disci·
714 3024 795 3080 litian.
807 3037 835 3080 et
846 3026 1023 3098 fragmentum
1034 3033 1153 3087 vatican.
1164 3051 1224 3087 cum

159 3106 236 3174 plina.
250 3104 420 3174 Ingeniorum
435 3102 508 3156 euim
523 3102 666 3157 similitudo
716 3104 961 3178 Rottendorpbiauo
974 3130 980 3164 :
995 3132 1007 3156 r
1024 3112 1153 3181 Delphica
1164 3134 1224 3168 non

161 3184 285 3237 amicitias
295 3183 464 3251 conglutinat.
714 3200 785 3250 teque
795 3195 892 3251 gestata
899 3199 938 3241 est
949 3187 1034 3241 laurea
1046 3190 1128 3243 uobis.
1138 3193 1224 3246 »Tres

192 3259 569 3326 60.Seroatsoedcrasat'stadii.
581 3259 667 3312 Etre-
717 3261 830 3330 Thyrsus
850 3268 877 3315 in
896 3276 936 3317 es!
955 3270 1044 3327 voden
1061 3267 1114 3320 duo
1131 3271 1224 3332 adem

161 3335 226 3388 tinet
239 3337 454 3403 conjunctionem
470 3335 539 3389 illam
555 3355 613 3404 quoe
627 3345 665 3390 cst
715 3356 764 3405 pro
778 3341 921 3393 sedimen
936 3361 1003 3396 uuus
1015 3344 1111 3396 Medic.
1122 3344 1223 3407 sedle-

159 3412 187 3464 in
200 3413 258 3480 ipsis
269 3413 360 3467 studiis
369 3423 396 3464 et
406 3413 552 3482 disciplinis.
713 3435 763 3468 ror·
773 3416 841 3469 Puto
848 3422 952 3486 sedpae.
964 3421 1032 3472 tt.-
1038 3424 1145 3490 Thyssos
1153 3425 1220 3471 enin

190 3488 230 3541 65.
242 3490 333 3541 Distat
342 3507 405 3555 opus
417 3499 535 3541 nostram.
548 3491 619 3559 Quia
635 3503 664 3546 tu
712 3495 791 3543 vobis.
807 3493 860 3545 Per
874 3498 999 3565 thyrsum,
1022 3495 1158 3549 oratoriam
1176 3494 1218 3546 la-

158 3581 230 3617 vacas
241 3563 411 3632 eloquentia,
424 3581 473 3630 ego
486 3582 548 3617 vero
559 3571 666 3636 poetico
712 3571 835 3624 cultatem
857 3570 974 3640 iutelligit
994 3595 1000 3627 :
1021 3593 1067 3642 per
1085 3577 1218 3639 laenam,

156 3642 278 3698 facultati.
294 3671 327 3682 -
344 3645 385 3696 At
400 3644 606 3712 lsdemsoate'bas.
621 3650 664 3705 Ab
713 3649 850 3714 poeticam.
865 3649 946 3716 Quasi
959 3649 1027 3704 dicat
1044 3670 1050 3702 ι
1065 3669 1112 3702 vos
1124 3651 1223 3708 Raccbi

157 3723 249 3777 iisdem
264 3720 357 3775 Musis.
711 3726 821 3779 stimulis
842 3727 992 3794 agitamini,
1010 3748 1056 3783 nus
1072 3731 1221 3800 Apollinis:

187 3801 227 3870 67.
239 3801 666 3872 Thyrsascm'moobr's,gestatam
711 3805 805 3870 quibus
826 3816 913 3858 tamen
934 3806 1050 3877 utrisque
1072 3830 1134 3864 suus
1151 3812 1221 3866 calor

153 3882 240 3931 laurea
251 3880 331 3930 uobis.
350 3875 417 3929 lllibi
433 3888 517 3932 totum
534 3878 662 3934 distichon
712 3891 751 3934 est
762 3922 769 3947 ,
782 3902 894 3953 suusque
908 3884 1028 3953 impetus.
1040 3888 1145 3942 Mtcn.

153 3954 203 4009 hoc
214 3955 299 4008 dubiae
313 3953 373 4006 fidei
386 3966 425 4008 est
438 3967 584 4026 suspectum
600 3976 606 4009 :
620 3981 663 4011 aa·
745 3979 784 4026 70.
800 3963 843 4014 Sic
857 3966 927 4015 uni!
935 3983 952 4014 a
965 3969 1040 4018 nobes
1050 3972 1076 4019 ιἰι
1088 3979 1133 4020 tua
1144 3968 1217 4017 mh

150 4041 249 4157 {aposta
261 4032 332 4122 euim
343 4032 402 4099 ista,
412 4038 496 4121 cobis,
508 4035 664 4119 sodimon·
710 4041 782 4122 attor.
800 4039 842 4091 Ab
856 4052 911 4094 arte
932 4046 1030 4111 poetica
1045 4064 1079 4098 :a
1095 4062 1146 4130 qus
1159 4057 1214 4093 ιιοιι

167 4111 241 4201 obas,
255 4126 322 4162 mare
332 4106 443 4162 ostendo
455 4124 531 4159 aures
544 4125 550 4159 ε
564 4105 661 4161 deinde
710 4110 809 4166 ahenas
820 4126 859 4168 est
871 4129 968 4173 orator.
981 4120 1021 4174 lta
1032 4121 1102 4174 enim
1115 4116 1169 4170 th.
1182 4118 1213 4182 l,
