2722 4702
376 337 445 404 EX
467 333 653 402 ΡΟΝΤΟ
676 337 778 403 LIB.
803 337 832 402 1.
858 334 1023 404 EPIST.
1049 339 1092 405 V.
1205 343 1269 408 283

207 476 275 549 Nec
290 475 383 572 juvat
393 475 429 547 in
445 473 551 548 lucem
565 474 669 548 nimio
687 501 885 549 marcescere
898 475 995 562 viuo;
1239 500 1272 568 45

255 591 326 662 Nec
341 605 430 662 tenet
444 587 587 662 incertas
604 587 673 662 alea
687 587 809 664 blanda
825 616 953 662 manus.

210 707 323 803 Quum
342 705 491 779 dedimus
506 733 646 793 somno,
664 733 747 806 quas
763 735 884 807 corpus
899 703 1067 805 postulat,
1083 707 1201 796 horas,

259 822 339 917 Quo
357 847 477 920 ponam
493 818 634 915 vigilans
654 837 802 920 tempora
818 819 918 915 longa
936 821 1062 894 modo?

210 936 319 1011 Moris
334 965 375 1009 an
394 934 522 1010 oblitus
537 934 656 1036 patrii,
673 936 870 1011 contendere
887 935 1008 1011 discam

258 1050 457 1124 Sarmaticos
473 1077 585 1137 arcus,
603 1067 637 1124 et
650 1050 761 1128 trahar
775 1067 844 1124 arte
856 1049 943 1124 loci?
1244 1073 1276 1124 5ο

210 1168 285 1240 Hoc
303 1194 437 1266 qnoque
454 1194 508 1239 me
525 1164 672 1240 studium
689 1165 872 1266 prohibent
885 1165 1055 1239 adsumere
1071 1165 1175 1254 vires;

258 1283 423 1383 Mensque
440 1282 546 1378 magis
562 1279 676 1378 gracili
693 1309 833 1381 corpore
850 1298 962 1354 nostra
977 1279 1071 1354 valet.

210 1399 322 1495 Quum
338 1400 423 1472 bene
440 1398 624 1498 quesieris,
643 1397 724 1496 quid
741 1425 853 1492 agam,
868 1397 974 1492 magis
986 1396 1068 1471 utile
1087 1396 1136 1470 nil
1153 1415 1205 1471 est

175 1598 177 1602 Α
257 1514 398 1589 Artibus
415 1512 486 1601 bis,
505 1543 580 1615 qnae
595 1512 644 1588 nil
661 1510 814 1587 utilitatis
830 1511 965 1586 habent.
1047 1513 1050 1519 ’

211 1627 406 1728 Consequor
421 1656 461 1702 er
479 1627 546 1702 illis
562 1654 658 1703 casus
675 1624 797 1699 oblivia
814 1625 940 1712 nostri;
1242 1647 1274 1698 55

258 1743 371 1830 Hanc,
391 1742 470 1818 satis
486 1761 553 1832 est,
570 1769 711 1818 messem
728 1741 756 1815 si
773 1769 844 1815 mea
859 1739 969 1815 reddit
984 1740 1128 1816 humus:

214 1853 330 1928 Gloria
344 1884 403 1927 vos
420 1874 530 1943 acuat;
547 1886 625 1945 vos,
643 1874 683 1932 nt
699 1856 834 1931 recitata
851 1857 1036 1956 probentur

262 1967 431 2056 Carmina,
449 1968 566 2045 Pieriis
581 1970 752 2068 invigilate
768 1971 889 2047 eboris.
1133 2066 1137 2073 .

212 2087 317 2185 Quod
334 2088 423 2160 veuit
437 2114 476 2159 er
492 2085 598 2176 facili,
614 2089 693 2164 satis
710 2106 762 2164 est
778 2114 975 2188 componere
989 2086 1105 2173 nobis,

259 2205 305 2276 Et
321 2201 420 2276 nimis
436 2203 558 2276 intenti
575 2230 670 2279 cansa
685 2203 808 2280 laboris
826 2203 927 2276 abest.
1242 2223 1277 2273 so

213 2320 281 2393 Cur
296 2346 359 2414 ego
377 2316 519 2392 sollicita
532 2316 657 2420 poliam
671 2349 742 2397 mea
762 2319 905 2392 earmina
925 2317 1031 2390 cura?

260 2438 314 2509 An
332 2465 462 2524 verear,
481 2466 523 2511 ne
541 2465 611 2510 non
625 2435 788 2538 adprobet
801 2435 857 2509 illa
878 2435 1004 2509 Getes?

213 2550 361 2626 Forsitan
377 2553 532 2659 audacter
548 2552 685 2651 faciam,
701 2553 759 2626 sed
778 2550 904 2648 glorior
918 2550 1044 2625 lstmm

242 2750 282 2819 46.
294 2752 389 2806 Mam
399 2758 518 2807 incertas.
531 2751 629 2809 Manus
643 2754 722 2824 tgna·
770 2751 949 2817 editionibus,
967 2752 999 2805 Si
1010 2769 1067 2803 mea
1079 2749 1163 2802 reddet
1174 2749 1276 2806 demas,

210 2847 252 2880 ras
262 2828 394 2896 victoria,
407 2840 451 2882 ant
461 2831 576 2899 jactum.
769 2830 811 2883 vel
822 2834 917 2885 addat.
926 2829 1192 2882 Hellaacsressesr.
1199 2823 1278 2877 Hane

245 2907 284 2976 49
303 2907 384 2957 Mon's
391 2911 477 2972 patrii.
495 2905 645 2975 Disciplina
658 2906 721 2960 Ro·
770 2907 926 2970 utilitatem,
940 2915 971 2958 ut
982 2899 1278 2967 malaoblirisear,dum

212 3000 306 3034 manse.
656 3036 658 3041 ,
768 2984 859 3039 studiis
869 2983 976 3052 poeticis
987 3000 1094 3050 operam
1105 2978 1218 3033 do.-Ss'
1223 2997 1281 3033 urea

248 3062 287 3111 50.
305 3061 341 3112 Et
354 3061 442 3114 trahar
450 3071 504 3113 arte
514 3063 571 3112 locr'.
587 3059 623 3113 Et
636 3059 720 3115 rivam
768 3063 864 3115 dumus.
876 3058 906 3112 Si
917 3077 1007 3111 meum
1020 3057 1163 3128 ingenium.

214 3136 255 3190 bis
270 3137 382 3204 artibus,
396 3137 488 3207 quilius
500 3137 597 3190 vivitur
607 3137 694 3193 Tomi.
804 3139 843 3191 58.
853 3139 948 3190 Chosis.
958 3137 1044 3187 Molis
1052 3135 1071 3187 J
1074 3135 1219 3188 unianuset
1227 3133 1278 3187 t’u·

248 3221 287 3269 51.
300 3219 356 3269 Hoc
367 3218 483 3269 stultiam.
496 3216 575 3270 Hanc
590 3216 720 3285 jaculandi
771 3224 871 3269 teanus.

214 3304 306 3346 artem.
802 3293 842 3344 60.
856 3291 945 3342 Abest.
958 3289 1072 3342 Remota
1083 3299 1140 3343 est:
1155 3290 1216 3358 quis
1226 3309 1277 3345 nee

245 3374 284 3424 52.
296 3372 720 3440 Mapivsletpacr'licorporeetc.
769 3370 871 3440 gloria,
890 3385 940 3421 nec
957 3386 1015 3434 spes
1033 3363 1149 3433 reditus,
1167 3375 1212 3421 eut
1226 3367 1275 3421 alia

211 3447 296 3520 Magis
307 3449 393 3520 viget,
410 3466 488 3518 quarn
503 3460 582 3502 tenue
595 3458 623 3503 et
634 3448 719 3503 maci-
767 3468 843 3504 causa
857 3446 923 3500 mibi
941 3444 1060 3502 oblertur
1074 3483 1082 3510 ,
1102 3463 1153 3514 qus
1166 3443 1276 3501 debeam

210 3528 311 3584 lentum
323 3548 418 3599 corpus
432 3548 530 3581 meum.
767 3528 855 3581 lacere
867 3524 966 3594 optime
976 3525 1100 3580 earmina.

236 3610 361 3675 53.Qunm
366 3607 719 3676 bcneqnesicris‚qse'dqam.
800 3604 840 3657 51.
854 3604 973 3657 Sollr'cr‘ta
981 3607 1079 3670 poleka
1093 3621 1148 3657 urea
1163 3608 1277 3658 umine

215 3679 299 3750 Puto,
320 3689 401 3752 Quum
411 3689 472 3741 deus
484 3687 636 3752 quoesr'err'rtr,
653 3685 723 3750 qnod
767 3704 836 3738 csta.
848 3683 925 3738 lma
938 3701 1005 3736 unus
1018 3681 1159 3737 Vossianus
1167 3693 1194 3738 et
1205 3679 1276 3736 Hal·

215 3777 296 3824 agam.
307 3761 408 3817 Herus·
768 3759 881 3826 niensis,
894 3771 924 3814 nt
942 3779 1019 3830 supra
1035 3780 1041 3814 :
1056 3759 1186 3817 «Scilicet
1204 3759 1274 3815 tuci-

248 3835 287 3888 56.
294 3837 369 3889 Hanc
374 3856 484 3900 messem,
494 3841 559 3892 satis
566 3841 643 3900 eresi
647 3840 720 3893 nodo
767 3840 838 3908 piam
849 3837 912 3897 lima
925 3837 1073 3897 mordacius
1084 3839 1130 3893 uti.
1140 3861 1154 3888 s
1168 3839 1205 3897 H.

212 3915 304 3967 reddat
309 3931 375 3979 apr.
381 3916 469 3978 Hanc,
480 3923 546 3971 satis
553 3923 607 3984 est,
616 3932 719 3975 mrtem
800 3916 841 3968 bs.
852 3916 897 3971 As
906 3935 998 3971 semar.
1009 3919 1102 3970 Vmor
1111 3912 1230 3985 pturimi,

213 3992 369 4046 Basileensis
386 4002 414 4046 et
435 3992 508 4047 Petri
528 3992 613 4063 Servii
631 3992 717 4061 codex.
799 3994 1121 4062 bd.·l'ed510rror1strsirr.
1141 3995 1170 4046 Ss'
1181 3993 1275 4058 domist

213 4071 319 4126 Deinde
331 4069 552 4143 scriptiplerique,
562 4090 622 4128 cum
633 4072 719 4142 priscis
769 4074 879 4127 Putean.
895 4071 958 4126 alius
969 4078 1036 4138 quib.
1051 4071 1118 4141 Lege
1135 4072 1277 4135 replerier:
