2722 4702
212 357 273 443 ιιι
473 359 513 424 P.
543 330 729 424 '0v1n11
755 353 992 426 nssonxs

209 534 1259 569 w

524 646 759 732 ELEGIA
784 649 920 735 XIII.

538 953 928 1062 auennensem.

176 1198 177 1204 ,
206 1155 300 1228 Quum
314 1155 407 1212 naulis
422 1166 507 1226 poeto
523 1155 641 1224 adesset,
660 1156 824 1227 superfluum
843 1158 922 1214 luisse
942 1157 1019 1226 dicit,
1031 1160 1058 1213 iu
1072 1178 1101 1213 ea
1112 1159 1167 1214 laea
1182 1160 1260 1217 illum

236 1238 351 1304 venisse,
363 1237 407 1291 ubi
419 1256 474 1292 non
486 1237 546 1292 lieet
556 1238 592 1291 Illi
605 1258 636 1292 ex
647 1257 721 1293 more
731 1239 858 1294 solemnia
867 1259 938 1295 saera
950 1240 1070 1296 exhibere
1080 1263 1088 1307 ς
1098 1252 1259 1312 monetque,

237 1343 272 1378 ne
285 1323 394 1393 amplius
404 1320 510 1388 redeat,
523 1319 589 1375 dum
599 1322 687 1376 eritis
701 1321 816 1394 Scythis.

205 1476 327 1582 Eccn
343 1530 579 1606 supervacuus,
599 1502 679 1604 quid
696 1503 781 1576 enim
797 1503 863 1605 suit
877 1503 959 1579 utile
977 1506 1093 1602 gigni?

251 1619 306 1693 Ad
323 1647 382 1694 sua
396 1616 514 1694 natalis
528 1635 675 1718 tempora
688 1635 803 1692 noster
818 1617 932 1693 adest:

203 1734 315 1819 Dure,
332 1730 414 1831 quid
429 1730 471 1806 ad
484 1731 623 1804 miseros
640 1731 793 1811 veniebas
810 1730 932 1807 exsulis
948 1736 1076 1809 annos?

250 1844 422 1924 Debueris
439 1846 506 1922 illis
522 1847 717 1948 imposuisse
732 1848 878 1923 modum.
1108 1926 1111 1933 ,

204 1964 240 2039 si
255 1964 317 2037 tibi
332 1991 410 2038 cura
426 1962 506 2051 mei,
525 1959 576 2034 rel
591 1961 621 2034 si
636 1959 747 2062 pudor
760 1960 850 2038 ullus
866 1962 1006 2052 inesset,
1240 1989 1256 2040 5

249 2079 327 2153 Non
343 2076 430 2153 ultra
445 2078 585 2179 patriam
600 2105 652 2151 me
668 2103 838 2177 sequerere
854 2106 977 2166 meam;

203 2194 349 2297 Quoque
365 2194 439 2271 loeo
455 2195 599 2297 primum
617 2193 679 2269 tibi
695 2222 767 2269 sum
784 2194 868 2270 male
885 2196 1036 2292 cognitus
1050 2194 1173 2282 infans,

249 2308 314 2387 Illo
330 2331 489 2389 tentasses
506 2309 642 2385 ultimus
659 2338 727 2385 esse
744 2311 835 2385 mihi.

201 2431 341 2528 Jamque
356 2425 591 2526 relinquenda,
608 2425 697 2525 quod
711 2426 796 2500 idem
813 2425 918 2500 fecere
934 2423 1075 2512 sodales,

248 2543 302 2616 Tu
319 2564 452 2641 quoque
468 2538 605 2612 dixisses
624 2539 726 2612 tristis
742 2541 776 2614 in
792 2541 893 2629 urbe,
910 2539 988 2617 vale.
1226 2581 1256 2616 ιο

202 2656 294 2756 Quid
311 2654 374 2729 tibi
387 2680 462 2726 eum
478 2652 609 2726 Ponto?
627 2682 706 2727 num
723 2673 755 2728 te
773 2684 905 2756 quoque
923 2656 1058 2732 Caesaris
1074 2658 1122 2733 ira

249 2777 435 2848 Extremam
451 2767 550 2866 gelidi
567 2769 656 2843 misit
669 2771 704 2842 in
718 2770 807 2845 orbis
824 2770 986 2846 humum?

203 2889 334 2964 Scilicet
353 2905 521 2989 exspectes
533 2885 624 2963 soliti
644 2884 706 2993 tibi
722 2888 825 2962 moris
840 2886 1017 2976 honorem,

249 3006 394 3079 Pendeat
411 3033 449 3079 ex
466 3002 612 3080 humeris
628 3003 727 3085 vestis
739 3022 779 3079 ut
793 3003 867 3079 alba
883 3003 984 3080 meis?

235 3189 256 3224 ι.
272 3167 615 3238 Quident‘msns'tntr'lenascr'.
625 3164 707 3234 01¹5ss
782 3184 806 3238 q
823 3167 900 3235 Inque
912 3168 1077 3235 relinquendo.
1095 3168 1253 3233 Relinquen-

201 3246 337 3312 meliores,
349 3247 398 3299 nisi
411 3244 481 3314 quod
494 3245 569 3315 prim.
583 3240 702 3297 Politian.
749 3247 807 3296 dum
819 3247 893 3313 prim.
906 3244 981 3299 Polit
991 3257 1018 3299 et
1029 3245 1081 3297 duo
1090 3245 1137 3297 alii.
1147 3245 1252 3298 Scribe:

202 3324 278 3393 prim.
293 3323 374 3375 vatic.
385 3334 413 3375 et
421 3321 516 3375 Illedie.
526 3324 606 3375 uobis.
616 3322 652 3374 Η.
750 3346 762 3368 ⁰·
776 3321 889 3392 Jamque
903 3323 1073 3392 reIInquenda
1083 3363 1091 3388 ,
1101 3322 1168 3392 quod
1180 3322 1250 3374 idem

233 3403 256 3454 3.
276 3404 382 3454 mseros
399 3404 494 3452 exsulis
510 3421 597 3454 annos.
614 3403 706 3453 Miseri
748 3399 833 3454 serere
845 3398 962 3465 sodales,
976 3401 1018 3453 Tu
1033 3418 1135 3466 qunque
1148 3397 1250 3451 dixisses

202 3476 393 3546 Rottendorpla.
407 3479 443 3530 Η.
749 3477 827 3529 tristis
838 3480 865 3529 in
879 3477 943 3528 urbe
953 3515 960 3540 ,
972 3476 1055 3527 vale.»
1066 3475 1101 3526 H.

232 3559 256 3624 4.
268 3559 378 3609 Modum.
398 3555 508 3619 Finem,
521 3565 549 3607 ut
560 3573 685 3610 morerer.
783 3558 977 3611 resumam
986 3554 1141 3618 5els'd1'me'ss'l
1148 3554 1175 3600 ir
1183 3553 1252 3601 orbis

233 3636 256 3686 5.
266 3637 424 3688 pudoratius
429 3636 536 3684 adesset.
544 3635 641 3686 Inesse!
646 3635 702 3702 ple·
747 3634 854 3684 humum.
871 3633 962 3684 ttattm
975 3633 1060 3682 Gelt'ci
1067 3632 1141 3680 orbis.
1155 3628 1191 3680 II.

200 3709 283 3779 rique.
299 3711 333 3762 Η.
784 3712 819 3761 ι3.
832 3711 934 3762 Scilicet
946 3715 1076 3772 exspectas
1090 3709 1192 3760 solitum
1206 3710 1256 3760 nti

233 3807 254 3854 7.
268 3792 369 3855 Quoque
377 3789 432 3839 Ioco
436 3792 549 3854 prims.
558 3786 699 3855 Sulmone,
748 3796 824 3839 moris
840 3793 962 3840 honoreus.
980 3787 1057 3837 some
1073 3786 1099 3837 in
1120 3787 1252 3840 nonnullis

199 3881 281 3932 quum
290 3863 403 3932 primum
410 3864 629 3917 natussut-sm
636 3868 701 3916 male
747 3867 853 3934 seriptis.
869 3867 938 3920 Puto
952 3866 1026 3916 soliti
1037 3869 1102 3917 aeu'lu‘
1111 3870 1187 3918 moris
1200 3868 1251 3916 to-

197 3945 318 4008 cognatus.
335 3941 400 3993 Sum
416 3939 553 3993 inlelieiter
563 3940 699 4010 cognitus,
747 3962 837 3996 notem.
851 3946 885 3997 H.

199 4018 272 4072 malis
284 4028 311 4071 et
327 4017 476 4072 infortuniis
489 4019 575 4073 exsilii.
588 4021 701 4072 &editus
783 4027 818 4088 ¹4·
834 4026 918 4077 Vestis
930 4033 959 4078 nt
967 4027 1035 4077 alba.
1048 4023 1138 4092 Quam
1150 4018 1249 4072 indue—

201 4096 267 4153 Cod.
281 4097 400 4152 Strnsxae.
746 4098 810 4152 bant
817 4137 826 4167 ,
839 4103 884 4170 qni
895 4104 1009 4156 nstslem
1021 4101 1191 4157 celebrabant
