2722 4702
286 362 354 429 EX
377 362 558 430 PONTO
580 364 676 430 LIB.
702 365 770 432 IV.
795 365 968 433 EPIST.
994 368 1073 432 111.
1136 365 1202 461 day

143 503 175 587 l,
192 499 291 588 bibe,
311 500 483 588 dixissem,
500 520 680 601 purgantes
695 521 828 602 pectora
845 530 974 591 succos,

193 615 361 714 Quicquid
379 633 412 688 et
428 616 462 688 in
481 634 550 690 tota
566 618 711 691 nascitur
727 619 892 717 Anticyra.

143 729 225 801 Sum
244 746 351 802 tamen
367 729 434 803 haec
452 759 569 832 passus
584 764 592 805 ε
607 762 688 820 nec,
707 736 734 806 si
752 733 901 806 mortalia
917 761 1070 833 possem,
1169 754 1200 805 35

193 848 237 916 Et
253 846 372 918 summi
387 865 532 946 poteram
550 849 612 923 tela
631 873 740 922 cavere
756 850 828 921 Dei.

143 961 195 1033 Tu
214 989 346 1061 quoque
360 962 410 1036 sac
428 964 560 1052 timeas3
579 983 628 1052 et,
648 994 720 1064 quae
736 964 797 1037 tibi
815 963 888 1036 laeta
902 962 1073 1047 videntur,

199 1080 283 1152 Dum
301 1078 464 1180 loqueris,
481 1081 550 1154 fieri
567 1083 672 1157 tristia
688 1109 799 1183 posse,
814 1097 906 1181 puta.

144 1250 240 1301 Partha
258 1255 353 1317 saffr'tta
373 1249 440 1320 apud
462 1251 603 1317 Nostrum,
620 1263 646 1306 et
695 1272 775 1322 gnum
788 1250 891 1322 purgari
907 1249 1021 1304 elleboro
1033 1249 1109 1320 nigro
1122 1269 1129 1303 ε
1144 1250 1198 1305 hauc

144 1328 239 1379 Parrha
260 1349 348 1383 marrus
370 1331 397 1383 in
424 1331 527 1396 Fastis3
546 1335 647 1404 myrta
694 1332 776 1385 herba
785 1331 938 1384 nascebatur
951 1329 1062 1399 plurima
1078 1328 1106 1382 in
1118 1328 1199 1382 Auti-

144 1411 265 1477 exercitus
275 1408 343 1477 apud
366 1409 558 1474 Claudianum
570 1432 646 1479 equus
695 1429 770 1481 cyra,
789 1427 847 1477 quae
866 1418 904 1461 est
917 1407 1000 1460 insula
1019 1405 1153 1476 pertinens
1165 1405 1199 1458 ad

145 1482 227 1536 Astur
241 1485 308 1552 apud
326 1486 491 1549 Martialem
510 1499 536 1542 et
552 1488 645 1542 similia
693 1486 829 1554 regionem
838 1485 992 1538 Phocaicam
1001 1483 1069 1554 :lege
1081 1482 1216 1541 Gellium.

145 1559 237 1627 passim
249 1561 295 1615 :de
308 1565 449 1632 quibushic
460 1563 511 1618 illic
524 1566 577 1634 jam
590 1565 646 1635 egi·
695 1563 762 1616 libro
773 1563 871 1628 XVII,
888 1567 925 1615 15.

144 1638 254 1690 ΜΗ.
729 1638 1203 1706 55.8ωα1ωιιεηάεεραπω.Τιωειι’

177 1718 216 1769 53.
233 1720 257 1786 1,
266 1722 334 1782 tite,
350 1723 475 1776 dixissem.
488 1722 565 1775 Illum
577 1721 647 1789 reje-
695 1737 753 1770 sum
767 1717 895 1787 relegatus
912 1718 944 1770 ad
957 1737 1030 1769 nram
1045 1716 1198 1780 Ponticam,

145 1794 237 1847 cissent
256 1806 382 1864 tanquam
400 1798 538 1865 insanum,
559 1809 587 1852 et
604 1797 646 1851 di·
696 1795 766 1864 quod
775 1810 830 1848 non
842 1793 1014 1848 credideram.

143 1969 1198 1999 w

460 2107 765 2192 EPISTOLA
796 2107 872 2189 IV.

422 2426 609 2561 SEXTO
642 2486 917 2563 POMPEIO.

475 2854 868 2942 arcuncurum

148 3016 244 3072 Mediis
254 3017 280 3070 iu
290 3015 476 3070 calamitatibus
485 3015 546 3080 suis,
555 3014 644 3069 laetum
653 3036 679 3069 se
690 3016 814 3069 nuntium
825 3017 857 3070 de
869 3019 948 3071 Sexto
957 3016 1091 3088 designato
1099 3017 1202 3072 consule

214 3101 355 3172 accepisse,
376 3119 459 3170 eoque
473 3100 591 3153 animum
602 3119 679 3153 sunm
691 3101 756 3152 mire
767 3100 938 3155 exhilaratum
952 3120 1006 3154 esse
1021 3113 1135 3157 testatur.

150 3254 305 3359 Nuus
324 3285 391 3359 dies
407 3285 491 3358 adeo
506 3301 558 3359 cst
573 3282 774 3357 australibus
789 3284 924 3359 humida
941 3284 1083 3373 nimbis,

195 3403 275 3475 Non
290 3400 483 3474 intermissis
499 3416 538 3473 ut
552 3395 633 3473 ttuat
649 3398 754 3472 imber
770 3400 873 3498 aquis.

147 3523 215 3595 Nec
233 3518 354 3596 sterilis
371 3517 464 3593 lucus
477 3515 566 3591 ullus
582 3517 712 3606 intest,
728 3534 767 3589 ut
783 3544 851 3589 nun
869 3516 960 3590 sitin
977 3515 1035 3591 illo

196 3639 298 3711 Mista
316 3635 383 3710 fere
400 3633 490 3708 duris
508 3631 600 3706 utilis
613 3631 717 3705 herba
730 3631 833 3705 rubis.

149 3747 206 3820 Nil
224 3752 305 3823 adeo
316 3754 451 3824 fortuna
465 3747 573 3843 gravis
587 3744 770 3821 miserabile
786 3747 880 3834 lecit,
1192 3766 1207 3815 5

186 3922 314 3972 etlinun
327 3918 654 3977 Vamsduotantmlihri.
701 3920 736 3974 rit
744 3919 840 3990 opilia
850 3923 1052 3989 υίωηίωᾶυἱ,
1060 3918 1156 3976 etc-De
1165 3937 1204 3985 ge·

184 4000 207 4064 ᾼ
225 3998 396 4051 Uatisterta.
407 3999 595 4053 Herbalereus
605 3998 651 4053 ati·
701 3996 807 4050 neribus
824 3998 981 4052 carduorum
994 3999 1109 4052 Plinium
1128 3993 1205 4062 legito

152 4097 229 4148 quam
239 4075 385 4131 utilitatem.
392 4079 506 4133 -Dtm's
515 4081 590 4132 nh's.
598 4076 655 4130 Du·
701 4076 810 4146 XVIII,
819 4081 849 4146 ll
859 4090 885 4134 et
895 4080 925 4134 al.
934 4069 1113 4132 etPalladium
1121 4072 1172 4139 w,
1181 4092 1205 4143 9.
