2722 4702
211 388 271 434 roo
372 389 376 409 ·-
477 364 517 431 P.
554 364 726 432 OVIDII
753 363 975 437 NASONIS

253 505 366 600 Cingit
382 522 416 577 et
430 520 584 600 augustas
601 502 701 577 arbor
718 532 817 604 opaca
832 504 946 580 sores?
1226 530 1259 599 40

202 623 309 705 Num,
327 618 403 720 quia
421 637 597 719 perpetuos
614 619 733 693 meruit
746 618 863 694 domus
880 619 943 694 ista
960 620 1173 723 triumphos?

251 735 322 821 An,
339 732 416 832 quia
433 731 597 806 Leucadio
617 760 744 833 semper
761 752 865 809 amata
878 736 979 810 Deo?

202 853 321 950 lpsane
339 847 428 948 quod
445 846 527 921 festa
543 865 612 934 est,
631 876 673 920 an
693 849 781 949 quod
798 850 876 926 lacit
892 851 1001 926 omnia
1017 852 1126 929 festa?

251 967 360 1061 Quam
379 963 496 1036 tribuit
515 962 627 1052 terris,
645 964 736 1064 pacis
752 993 793 1038 an
811 964 875 1039 ista
890 984 968 1040 nota
982 969 1059 1041 est?

202 1084 314 1182 thue
331 1081 414 1153 viret
430 1106 559 1180 semper
574 1077 708 1167 laurus,
725 1107 785 1153 nec
801 1078 918 1154 fronde
935 1080 1054 1155 caduca
1223 1104 1258 1173 45

251 1196 427 1295 Carpitur,
450 1211 605 1267 aetcrnum
625 1192 673 1267 sic
688 1193 789 1269 babet
806 1193 860 1268 illa
878 1196 1003 1271 decus?

203 1311 374 1409 Causaque
390 1307 569 1408 subpositae
583 1306 707 1407 scripto
723 1324 841 1382 testata
857 1337 998 1398 corona,

250 1425 403 1499 Servatos
420 1423 505 1496 cives
520 1421 643 1495 indicat
659 1421 759 1521 hujus
775 1451 859 1524 ope:

198 1540 314 1638 Adjice
328 1538 462 1612 servatis
478 1565 598 1627 unum,
618 1554 711 1638 pater
728 1537 867 1637 optime,
885 1537 1004 1626 civem,

197 1739 254 1805 ber,
263 1737 390 1791 intrature
402 1736 530 1801 Penates,
544 1734 622 1789 Disce
632 1753 704 1788 rere·
752 1757 766 1783 κ
779 1728 836 1806 lpsa
850 1696 978 1806 pacifera,
990 1746 1021 1790 ut
1035 1754 1114 1805 quam
1129 1739 1257 1808 praetendi

200 1814 407 1870 cundosanctius
415 1833 459 1866 ore
468 1813 546 1882 loqui.
555 1811 703 1880 »Sequenti
751 1815 829 1867 etiam
840 1815 910 1867 inter
920 1823 1032 1868 armatos
1043 1812 1148 1884 bostes,
1163 1818 1255 1887 quietis

198 1912 274 1946 versu
282 1888 703 1959 augustassoresagnoscnntetiam
749 1891 782 1945 sit
793 1889 925 1945 indicium.
937 1913 950 1938 »

196 1969 309 2023 multiex
316 1966 438 2035 antiquis,
446 1984 501 2018 non
509 1982 594 2018 comas
599 1980 609 2029 ,·
618 1973 645 2016 et
653 1962 703 2016 boc
782 1968 821 2037 47.
837 1969 966 2036 Causaque
977 1973 1117 2038 subposito.
1130 1969 1256 2040 Superior

198 2048 278 2118 probe
290 2065 394 2115 :neque
407 2043 481 2098 aliter
492 2064 524 2098 ex
536 2043 588 2097 suis
597 2042 704 2113 Nauge·
749 2062 808 2113 pars
817 2044 916 2113 janue,
925 2045 1062 2099 frondibus
1070 2046 1134 2099 lauri
1143 2048 1256 2100 ornaba-

197 2128 251 2179 rius
262 2135 289 2178 et
305 2122 431 2177 Ciolanus
443 2141 508 2192 :pro
523 2125 701 2189 artoropaca,
750 2133 795 2176 tur
802 2161 810 2189 ,
823 2123 864 2175 cui
875 2123 990 2192 subjecta
1002 2134 1058 2175 erat
1066 2140 1162 2175 corona
1175 2141 1256 2190 quer-

197 2213 249 2258 tres
259 2222 350 2272 quemn
362 2218 470 2265 corona5
486 2210 514 2254 ut
532 2200 600 2253 Fast.
614 2199 657 2253 lib.
672 2199 701 2266 l,
750 2206 802 2267 na',
816 2218 873 2269 quae
882 2199 906 2252 ei
917 2198 1043 2264 dabatur,
1056 2198 1099 2265 qui
1107 2197 1191 2248 civem
1198 2216 1255 2248 ser-

196 2279 302 2347 614,ad
312 2278 669 2348 Germanicumzsl’rotegat
676 2287 704 2331 et
751 2290 855 2349 rasset,
878 2287 904 2329 et
923 2282 1003 2329 civice
1022 2274 1162 2326 dicebatur.
1182 2273 1254 2328 Hinc

195 2369 291 2413 vestras
300 2377 399 2426 querna
410 2362 507 2410 corona
516 2355 619 2408 seresii
749 2353 834 2406 civicae
842 2370 945 2405 comme
958 2351 1086 2414 militum,
1098 2349 1199 2402 virtutis
1210 2350 1254 2403 in-

228 2437 268 2501 di.
279 2437 414 2499 An,qu1'a.
424 2435 488 2485 Num
495 2431 623 2483 meliores.
632 2429 669 2481 H.
679 2434 693 2495 ᾖ
746 2429 820 2496 signe
829 2428 1004 2479 clarissimum.
1016 2424 1082 2479 lllud
1090 2426 1251 2495 notandum,

229 2515 269 2576 4²·
283 2512 408 2562 leucadio
423 2510 485 2559 Deo.
504 2507 562 2558 Deo
580 2502 701 2573 Apollini.
748 2506 1253 2574 civicamcoronarnilignamprimoluis-

200 2586 294 2656 Apollo
314 2594 383 2636 amat
400 2584 500 2635 laurum
519 2590 626 2649 propter
642 2579 702 2631 Da·
747 2603 774 2637 se
787 2605 793 2643 ;
808 2593 897 2652 postea
912 2583 994 2653 magis
1004 2583 1099 2655 placuit
1115 2605 1145 2638 ex
1162 2589 1253 2642 aesculo

197 2664 286 2735 phnen
304 2661 331 2713 in
350 2678 409 2712 eam
425 2665 618 2709 commutatam.
639 2656 701 2707 Au·
748 2662 808 2714 Jovi
823 2680 899 2713 sacra.
918 2661 998 2732 Leges
1017 2673 1104 2716 autem
1120 2665 1190 2732 ejus,
1208 2669 1253 2734 qui

197 2752 285 2812 gustus
297 2739 368 2791 enim
380 2738 406 2789 in
415 2753 463 2786 ore.
474 2735 545 2786 sinus
556 2732 699 2798 Ambracii,
747 2741 825 2792 civica
834 2758 929 2791 corona
938 2739 1091 2805 donabatur,
1101 2741 1252 2811 legitoapud

198 2819 302 2874 Actium
311 2834 370 2869 cum
378 2812 459 2866 nobili
468 2811 566 2880 templo
574 2810 700 2879 Apollinis
749 2816 815 2869 Plin.
828 2817 893 2868 libro
904 2817 969 2870 XVl
980 2857 988 2882 ,
1000 2837 1053 2885 cap.
1066 2822 1088 2884 4.
1100 2820 1150 2871 Alii
1162 2820 1251 2888 legunt

196 2890 701 2960 condidit,baudlongeabeucatepro
748 2897 1251 2962 causasuperpositae.-Scre'plotestata.

195 2974 426 3039 montorio,aquo
434 2969 507 3021 Deus
515 2967 700 3020 Leucadebsdi·
747 2970 889 3039 Perperam
903 2979 1009 3023 testante
1021 2969 1124 3040 plorimi
1139 2993 1168 3025 ex
1182 2973 1252 3026 scri-

196 3066 252 3106 ctus
260 3063 299 3106 est
310 3071 316 3104 ι
328 3070 373 3104 seu
388 3069 402 3102 a
414 3046 540 3100 Leucadia
549 3045 698 3114 peninsula,
746 3049 809 3116 ptis;
824 3050 900 3102 Pont.
910 3050 961 3116 lV,
972 3048 1010 3101 El.
1023 3066 1079 3115 vn,
1088 3053 1119 3104 53
1128 3069 1134 3103 :
1143 3071 1156 3096 κ
1164 3050 1249 3105 Vinci·

196 3150 253 3199 que·
261 3131 324 3182 olim
331 3133 429 3182 Neritos
436 3124 561 3194 adpellata
570 3163 577 3190 ,
585 3142 640 3176 non
648 3125 701 3176 lon·
747 3136 791 3178 tur
804 3126 944 3197 AEgypsos,
956 3136 1099 3196 testataque
1110 3138 1212 3198 tempus
1221 3129 1250 3182 in

197 3228 227 3278 ge
241 3209 288 3261 sita
299 3207 394 3259 dicitur
406 3206 432 3257 in
446 3204 540 3257 Plinio.
744 3219 826 3254 omne
842 3203 910 3255 Sunt
923 3213 984 3269 tua,
1001 3205 1123 3269 Vestalis,
1133 3205 1249 3258 carmine

229 3285 267 3349 43.
281 3286 373 3348 Ipsane
384 3283 452 3349 qaod
453 3281 527 3348 festa
537 3286 583 3331 est.
597 3278 700 3332 Festarn
745 3277 814 3330 facta
828 3297 903 3340 meo;
918 3300 931 3325 »
943 3281 1012 3333 sicet
1022 3287 1141 3335 comitata
1152 3281 1248 3351 passive

190 3362 298 3414 laurum
308 3358 419 3426 adpellat
427 3396 434 3423 ,
443 3356 567 3423 quoniam
575 3355 700 3410 Romanis
744 3359 838 3427 passim
850 3359 917 3428 apud
927 3360 1059 3413 Nostrum.
1071 3361 1106 3413 H.

197 3459 233 3505 ea⁸
249 3438 343 3492 letitie
364 3434 580 3500 victoriarumque
604 3436 700 3488 nuncia
778 3439 817 3506 lq.
830 3438 1044 3504 Adyi'cesmatr's.
1054 3438 1155 3491 Adds‘ce
1165 3437 1248 3492 MSS.

196 3518 247 3572 luit
260 3537 266 3572 :
279 3516 390 3583 facitque
410 3512 498 3563 omnia
511 3510 576 3563 testa
588 3521 613 3564 et
625 3513 699 3579 leta,
746 3511 799 3565 Sed
812 3512 917 3567 fortasse
934 3516 1015 3568 voluit
1027 3515 1138 3569 scribere
1152 3518 1245 3580 adalta

195 3596 366 3662 omniumque
383 3600 484 3644 mentes
500 3589 587 3641 laurus
602 3589 698 3643 exbila-
744 3608 824 3658 quam
841 3591 992 3660 scripturam
1010 3603 1036 3645 et
1051 3593 1077 3643 in
1091 3592 1157 3657 hoc,
1177 3594 1247 3647 etin

86 3673 88 3676 ,
190 3684 255 3727 m:
267 3671 496 3740 &ponemusque
509 3667 586 3719 etiam
601 3663 627 3716 in
638 3684 699 3734 gre·
744 3664 801 3718 ood.
815 3668 903 3736 Virgil.
913 3678 968 3720 tum
977 3670 1003 3720 in
1012 3667 1075 3731 boc,
1090 3667 1181 3720 tumin
1193 3670 1248 3725 aliis

198 3751 252 3803 mio
266 3748 337 3800 Jovis
354 3744 445 3816 optimi
464 3743 583 3805 maximi,
599 3744 699 3809 quoties
745 3743 822 3810 hujus
836 3745 906 3797 verbi
918 3745 1079 3814 compositis,
1098 3763 1152 3798 non
1169 3749 1247 3816 gemi-

196 3826 310 3881 laetitiarn
327 3824 433 3876 victoria
451 3838 545 3874 novam
561 3818 699 3873 adtulisset.
745 3829 805 3873 nata
824 3827 836 3872 ι’
852 3824 943 3891 passim
971 3821 1139 3876 offendimus.
1165 3829 1246 3881 Um

195 3907 306 3959 -Pacis
316 3922 350 3954 ar
361 3908 411 3954 ista
422 3898 698 3953 uotaest?l'aeileram
744 3905 833 3954 cirene.
849 3920 931 3955 unum
943 3900 1070 3956 Ovidium
1082 3904 1186 3976 :inepte
1199 3926 1245 3960 au·

196 3985 298 4037 laurum
305 3979 398 4043 luisse,
409 3976 485 4031 docet
493 3977 602 4042 Plinius,
610 3975 697 4042 LXV,
743 3987 797 4030 tem
809 3979 912 4031 Merula
927 3980 998 4033 addit
1012 3999 1065 4043 nae,
1082 4000 1163 4050 quum
1180 3982 1244 4035 liber

196 4080 249 4132 cap.
260 4063 309 4128 40,
321 4057 382 4113 edit.
391 4055 539 4122 lietduini,
552 4053 697 4111 bisverbis:
743 4055 791 4122 sit,
803 4056 848 4123 qui
862 4055 915 4124 ipse
928 4056 1057 4126 loquatur.
1070 4058 1101 4114 C.
