2722 4702
144 372 207 415 aaa
425 347 465 412 P.
499 343 676 412 ovlml
706 338 932 413 NASONIS

194 487 374 587 Officiique
389 486 483 586 pium
499 502 564 557 tam
582 483 648 556 cito
664 485 762 585 ponis
779 486 889 558 onus?

146 603 280 678 sarcina
298 629 390 687 sum,
409 600 531 686 lateor;
548 597 691 698 quamsi
709 616 746 671 tu
763 616 909 698 tempore
928 598 1011 671 duro
1193 622 1209 674 5

192 717 413 819 Depositums
429 743 520 802 eras,
539 742 608 787 non
624 715 796 788 subeunda
813 715 886 789 suit.

144 835 318 908 Fluctibus
336 835 371 906 in
386 832 502 906 mediis
519 858 652 918 navem,
670 829 839 920 Palinure,
856 830 1044 931 relinquis?

193 944 242 1023 Ne
258 951 356 1046 suge;
373 977 454 1022 neve
471 967 527 1021 tua
543 946 586 1020 sit
603 937 714 1020 minor
729 964 799 1021 arte
812 946 901 1021 lides.

144 1066 318 1167 Numquid
335 1063 523 1150 Achilleos,
541 1063 628 1136 inter
641 1062 710 1137 fera
727 1060 854 1163 prolia,
871 1062 929 1135 fidi

21 1171 28 1192 '
195 1180 349 1254 Deseruit
364 1177 479 1253 levitas
494 1178 752 1252 Automedontis
768 1179 900 1278 equos?

149 1302 258 1396 Quem
276 1295 374 1371 semel
392 1296 536 1396 excepit,
554 1296 718 1396 numquid
733 1295 919 1370 Podalirius
936 1322 1023 1392 agro

197 1415 397 1488 Promissam
413 1412 545 1485 mediceo
560 1441 627 1486 non
644 1413 722 1487 tulit
737 1413 817 1487 artis
835 1412 955 1512 opem?

148 1528 294 1628 Turpius
310 1524 453 1624 ejicitur,
473 1553 573 1624 quam
588 1555 659 1598 non
675 1525 861 1599 admittitur
875 1525 1012 1624 hospes3

197 1642 281 1737 Quo
296 1640 422 1739 patuit,
441 1637 561 1711 dextra
576 1638 670 1712 lirma
686 1640 730 1712 sit
745 1667 799 1712 ara
817 1666 904 1712 meae.

146 1754 222 1842 Nil,
239 1755 369 1828 nisime
385 1753 510 1843 solum,
529 1755 638 1855 primo
655 1772 782 1828 tutatus
800 1783 834 1827 es
849 1785 856 1827 :
871 1771 907 1827 at
922 1780 1010 1827 nunc
1090 1782 1094 1787 ’
1179 1771 1210 1821 15

196 1873 253 1943 Me
270 1871 391 1970 pariter
408 1897 516 1958 serva,
532 1870 756 1971 judiciumque
774 1887 887 1942 tuum:

148 1987 184 2060 Si
199 1987 299 2060 modo
314 2014 382 2059 nou
400 1985 508 2089 aliqua
525 2005 575 2061 est
590 1987 626 2059 in
641 2015 693 2060 me
710 2015 794 2061 nova
810 1983 922 2085 culpa;
941 1999 1097 2082 tuamque

197 2106 374 2178 Mutarunt
391 2103 504 2177 subito
522 2103 658 2177 crimina
675 2122 789 2178 nostra
804 2102 918 2176 fidem:

149 2218 293 2320 Spiritus
309 2217 381 2305 hic,
400 2217 553 2318 Scythica
568 2245 665 2317 quem
681 2247 749 2291 non
767 2220 849 2291 bene
865 2215 1015 2289 ducimus
1031 2241 1128 2301 auru,

199 2334 303 2433 Quod
318 2335 433 2434 cupio,
450 2335 606 2409 membris
624 2350 716 2408 exeat
730 2350 804 2407 ante
822 2334 923 2419 meis,
1178 2364 1210 2399 πο

149 2455 258 2549 Quam
274 2471 329 2524 tua
347 2451 465 2522 delicto
481 2451 687 2544 stringantur
702 2467 835 2550 pectora
853 2469 989 2536 nostro,

197 2568 241 2637 Et
256 2562 366 2636 videar
380 2563 497 2634 merito
512 2564 609 2635 vilior
623 2592 694 2638 esse
710 2565 781 2636 tibi.

148 2682 225 2752 Non
242 2677 323 2750 adeo
339 2675 402 2748 toti
417 2673 492 2748 satis
508 2704 663 2769 urgemur
679 2677 821 2777 iniquis,

197 2797 244 2866 Ut
258 2822 329 2867 mea
345 2793 389 2866 sit
405 2790 515 2887 longis
530 2820 772 2894 mensquoquc
788 2811 877 2866 mota
889 2793 994 2867 malis.

149 2912 253 3005 Finge
272 2928 378 2982 tamen
398 2923 541 2981 motam:
558 2907 687 3009 quoties
705 2911 948 3005 Agamemnone
962 2927 1078 2984 natum
1173 2930 1207 3011 as

150 3076 240 3130 brariis
248 3075 356 3131 coolma
361 3073 431 3144 apud
437 3072 571 3128 Nasonem
576 3072 655 3141 ,vt-a·
702 3075 938 3144 donlevisluicset,
948 3077 1005 3131 siin
1018 3077 1107 3133 medio
1117 3077 1206 3147 prelio

151 3153 239 3222 gilium
252 3164 278 3207 et
290 3153 361 3206 alios.
701 3176 809 3211 currum
816 3158 921 3212 Achillis
930 3197 937 3224 ,
946 3176 1026 3226 quem
1033 3160 1148 3230 regebat,
1158 3161 1207 3214 de-

183 3235 205 3282 5.
219 3236 366 3298 Quamsitu
376 3241 482 3298 tempore
491 3240 581 3284 nostro.
594 3233 652 3284 Noa
702 3235 828 3288 seruisset.
843 3237 928 3289 Porr.

148 3313 254 3373 tempora·
270 3320 353 3363 nostro
367 3310 444 3378 prim.
460 3310 536 3363 Polit.
554 3319 581 3362 et
599 3319 652 3361 taes
736 3332 772 3365 ιι.
783 3315 911 3380 Nunquam
920 3314 1208 3382 &dalmas-Numquid

150 3383 208 3445 alii;
222 3393 274 3435 tres
285 3404 364 3438 nunc:
373 3385 418 3438 sed
430 3385 545 3454 plerique
557 3397 653 3454 [ηψ-
700 3389 1201 3446 cumCombiano.H.·-1bdalin'as.AEs·

149 3461 259 3521 redum
268 3461 338 3527 quod
345 3471 373 3513 et
383 3460 496 3514 Ciol'ano
508 3463 652 3530 probatum.
701 3470 814 3539 colapius
822 3469 887 3523 filios
897 3468 1001 3537 reliquit
1011 3467 1181 3521 Machaonem
1190 3507 1199 3534 ,

150 3537 228 3590 Trist.
242 3536 269 3602 l,
284 3538 354 3608 Eleg.
365 3555 393 3602 v,
407 3558 430 3589 v.
442 3540 486 3590 25:
495 3561 511 3584 o
520 3541 652 3610 Tempore
701 3546 911 3612 etmalorum,
923 3546 967 3614 qui
975 3545 1022 3598 arti
1028 3552 1142 3612 paterne
1151 3541 1201 3597 de·
1238 3603 1242 3615 Ι

148 3615 184 3668 sic
191 3615 302 3668 duroest
309 3615 466 3685 inspicienda
475 3615 565 3679 fidem
575 3620 652 3672 Pont.
701 3625 761 3691 diti,
782 3644 864 3694 quum
881 3624 913 3678 ad
929 3623 1035 3690 Troiam
1051 3639 1113 3675 cum
1129 3622 1202 3694 Aga-

150 3696 193 3748 tib.
206 3696 247 3762 lt,
262 3695 302 3749 ΕΙ.
314 3712 359 3762 vt,
372 3714 396 3750 r.
408 3715 441 3768 ²9
451 3718 457 3749 ι
467 3717 480 3741 o
494 3697 536 3749 'l'u
547 3712 657 3767 quoque*
701 3718 842 3754 memnone
864 3701 1036 3773 navigassent,
1056 3697 1202 3769 plurimum

150 3769 301 3842 perdurum
311 3783 412 3826 serrato
423 3784 526 3842 tempus
535 3776 626 3828 amico.
637 3798 651 3823 s
700 3769 797 3834 Grecis
806 3781 833 3833 io
846 3800 877 3836 eo
888 3773 954 3834 Bello
964 3775 1086 3833 curandis
1096 3799 1202 3833 summo

151 3851 244 3906 Malim
257 3863 344 3906 tamen
356 3871 430 3920 quaa
440 3858 507 3906 tusi.
520 3853 618 3910 limes.
699 3856 785 3908 studio
808 3850 957 3912 vulneribus
981 3855 1101 3927 opitulati
1123 3869 1200 3922 sunt,

182 3951 208 4005 9.
215 3930 517 3999 laressemprelmstum
524 3936 651 4001 r'nterprae·
699 3952 821 4006 magnam
832 3938 865 3991 ob
875 3935 901 3989 id
915 3936 1024 4007 gloriam
1035 3937 1130 4008 adepti.

149 4014 187 4062 Ie'a
195 4007 650 4078 Boramquodnescioundehabeat.
732 4014 1199 4070 aSMotamllleotemessecommo-

184 4104 222 4143 ιο.
230 4091 349 4144 Deseruit
353 4091 449 4143 leuitas.
456 4087 513 4157 lpse
522 4089 652 4143 Autome·
698 4100 760 4144 tam
775 4092 962 4158 Agamemnone
972 4103 1064 4149 natm
1076 4092 1196 4146 Oresten·
