<?xml version="1.0" encoding="UTF-8"?>
<!DOCTYPE html PUBLIC "-//W3C//DTD XHTML 1.0 Transitional//EN"
    "http://www.w3.org/TR/xhtml1/DTD/xhtml1-transitional.dtd">
<html xmlns="http://www.w3.org/1999/xhtml" xml:lang="en" lang="en">
 <head>
  <title>
</title>
<meta http-equiv="Content-Type" content="text/html;charset=utf-8" />
  <meta name='ocr-system' content='tesseract 3.04.00' />
  <meta name='ocr-capabilities' content='ocr_page ocr_carea ocr_par ocr_line ocrx_word'/>
</head>
<body>
  <div class='ocr_page' id='page_1' title='image "./publiiovidiinas04massgoog/publiiovidiinas04massgoog_0429.png"; bbox 0 0 2722 4702; ppageno 0'>
   <div class='ocr_carea' id='block_1_1' title="bbox 297 331 1196 436">
    <p class='ocr_par' dir='ltr' id='par_1_1' title="bbox 297 331 1196 436">
     <span class='ocr_line' id='line_1_1' title="bbox 297 331 1196 436; baseline -0.006 -13"><span class='ocrx_word' id='word_1_1' title='bbox 297 331 365 423; x_wconf 80' lang='lat' dir='ltr'><strong>‘nx</strong></span> <span class='ocrx_word' id='word_1_2' title='bbox 388 352 575 422; x_wconf 81' lang='lat' dir='ltr'><strong>rouro</strong></span> <span class='ocrx_word' id='word_1_3' title='bbox 597 354 696 422; x_wconf 84' lang='lat' dir='ltr'><strong>crn.</strong></span> <span class='ocrx_word' id='word_1_4' title='bbox 722 354 789 423; x_wconf 88' lang='lat' dir='ltr'><strong>rv.</strong></span> <span class='ocrx_word' id='word_1_5' title='bbox 815 352 982 422; x_wconf 82' lang='lat' dir='ltr'><strong>nrrsr.</strong></span> <span class='ocrx_word' id='word_1_6' title='bbox 1007 354 1061 420; x_wconf 90' lang='lat'><strong>11.</strong></span> <span class='ocrx_word' id='word_1_7' title='bbox 1134 351 1196 436; x_wconf 73' lang='lat'><strong>421</strong></span> 
     </span>
    </p>
   </div>
   <div class='ocr_carea' id='block_1_2' title="bbox 144 491 1202 1973">
    <p class='ocr_par' dir='ltr' id='par_1_2' title="bbox 144 491 1202 1973">
     <span class='ocr_line' id='line_1_2' title="bbox 196 491 1134 594; baseline -0.004 -25"><span class='ocrx_word' id='word_1_8' title='bbox 196 498 273 571; x_wconf 88' lang='lat' dir='ltr'><strong>Non</strong></span> <span class='ocrx_word' id='word_1_9' title='bbox 290 497 364 570; x_wconf 89' lang='lat' dir='ltr'><strong>data</strong></span> <span class='ocrx_word' id='word_1_10' title='bbox 378 514 478 569; x_wconf 84' lang='lat' dir='ltr'><strong>sunt:</strong></span> <span class='ocrx_word' id='word_1_11' title='bbox 495 493 575 594; x_wconf 91' lang='lat' dir='ltr'><strong>quid</strong></span> <span class='ocrx_word' id='word_1_12' title='bbox 591 495 698 581; x_wconf 90' lang='lat' dir='ltr'><strong>enim,</strong></span> <span class='ocrx_word' id='word_1_13' title='bbox 716 521 788 593; x_wconf 83' lang='lat' dir='ltr'><strong>quae</strong></span> <span class='ocrx_word' id='word_1_14' title='bbox 802 491 882 566; x_wconf 86' lang='lat' dir='ltr'><strong>facis</strong></span> <span class='ocrx_word' id='word_1_15' title='bbox 897 493 983 593; x_wconf 83' lang='lat' dir='ltr'><strong>ipse,</strong></span> <span class='ocrx_word' id='word_1_16' title='bbox 1001 491 1134 566; x_wconf 85' lang='lat' dir='ltr'><strong>darem?</strong></span> 
     </span>
     <span class='ocr_line' id='line_1_3' title="bbox 148 606 992 710; baseline -0.004 -24"><span class='ocrx_word' id='word_1_17' title='bbox 148 612 235 709; x_wconf 84' lang='lat' dir='ltr'><strong>Quis</strong></span> <span class='ocrx_word' id='word_1_18' title='bbox 255 609 316 684; x_wconf 90' lang='lat' dir='ltr'><strong>mel</strong></span> <span class='ocrx_word' id='word_1_19' title='bbox 335 611 491 696; x_wconf 79' lang='lat' dir='ltr'><strong>Aristeu,</strong></span> <span class='ocrx_word' id='word_1_20' title='bbox 510 611 585 710; x_wconf 86' lang='lat' dir='ltr'><strong>quis</strong></span> <span class='ocrx_word' id='word_1_21' title='bbox 600 609 730 684; x_wconf 88' lang='lat' dir='ltr'><strong>Baccho</strong></span> <span class='ocrx_word' id='word_1_22' title='bbox 746 608 820 682; x_wconf 89' lang='lat' dir='ltr'><strong>vina</strong></span> <span class='ocrx_word' id='word_1_23' title='bbox 834 606 992 697; x_wconf 80' lang='lat' dir='ltr'><strong>Falerno,</strong></span> 
     </span>
     <span class='ocr_line' id='line_1_4' title="bbox 195 723 1202 826; baseline -0.004 -28"><span class='ocrx_word' id='word_1_24' title='bbox 195 724 402 826; x_wconf 77' lang='lat' dir='ltr'>Triptolemo</span> <span class='ocrx_word' id='word_1_25' title='bbox 418 725 547 820; x_wconf 78' lang='lat' dir='ltr'><strong>surges,</strong></span> <span class='ocrx_word' id='word_1_26' title='bbox 564 753 663 825; x_wconf 88' lang='lat' dir='ltr'><strong>poma</strong></span> <span class='ocrx_word' id='word_1_27' title='bbox 679 726 734 799; x_wconf 91' lang='lat' dir='ltr'><strong>det</strong></span> <span class='ocrx_word' id='word_1_28' title='bbox 748 723 916 799; x_wconf 83' lang='lat' dir='ltr'><strong>Alcinoo?</strong></span> <span class='ocrx_word' id='word_1_29' title='bbox 1172 759 1202 794; x_wconf 81' lang='grc' dir='ltr'><strong>ιο</strong></span> 
     </span>
     <span class='ocr_line' id='line_1_5' title="bbox 145 833 1036 939; baseline 0.001 -29"><span class='ocrx_word' id='word_1_30' title='bbox 145 837 266 912; x_wconf 83' lang='lat' dir='ltr'><strong>Fertile</strong></span> <span class='ocrx_word' id='word_1_31' title='bbox 281 856 397 939; x_wconf 88' lang='lat' dir='ltr'><strong>pectus</strong></span> <span class='ocrx_word' id='word_1_32' title='bbox 410 838 532 926; x_wconf 87' lang='lat' dir='ltr'><strong>habes,</strong></span> <span class='ocrx_word' id='word_1_33' title='bbox 551 839 700 938; x_wconf 87' lang='lat' dir='ltr'><strong>interque</strong></span> <span class='ocrx_word' id='word_1_34' title='bbox 718 836 880 912; x_wconf 86' lang='lat' dir='ltr'><strong>Helicona</strong></span> <span class='ocrx_word' id='word_1_35' title='bbox 894 833 1036 911; x_wconf 86' lang='lat' dir='ltr'><strong>colentes</strong></span> 
     </span>
     <span class='ocr_line' id='line_1_6' title="bbox 195 952 805 1055; baseline 0 -28"><span class='ocrx_word' id='word_1_36' title='bbox 195 955 341 1028; x_wconf 86' lang='lat' dir='ltr'>Uberius</span> <span class='ocrx_word' id='word_1_37' title='bbox 357 952 440 1026; x_wconf 93' lang='lat' dir='ltr'><strong>nulli</strong></span> <span class='ocrx_word' id='word_1_38' title='bbox 457 954 611 1055; x_wconf 84' lang='lat' dir='ltr'><strong>provenit</strong></span> <span class='ocrx_word' id='word_1_39' title='bbox 624 955 687 1029; x_wconf 91' lang='lat' dir='ltr'><strong>ista</strong></span> <span class='ocrx_word' id='word_1_40' title='bbox 704 981 805 1050; x_wconf 82' lang='lat' dir='ltr'><strong>seges.</strong></span> 
     </span>
     <span class='ocr_line' id='line_1_7' title="bbox 146 1066 1104 1158; baseline -0.001 -14"><span class='ocrx_word' id='word_1_41' title='bbox 146 1072 281 1144; x_wconf 81' lang='lat' dir='ltr'><strong>Mittere</strong></span> <span class='ocrx_word' id='word_1_42' title='bbox 299 1098 426 1143; x_wconf 87' lang='lat' dir='ltr'><strong>carmen</strong></span> <span class='ocrx_word' id='word_1_43' title='bbox 441 1070 484 1144; x_wconf 91' lang='lat' dir='ltr'><strong>ad</strong></span> <span class='ocrx_word' id='word_1_44' title='bbox 501 1071 610 1158; x_wconf 86' lang='lat' dir='ltr'><strong>hunc,</strong></span> <span class='ocrx_word' id='word_1_45' title='bbox 626 1070 760 1146; x_wconf 80' lang='lat' dir='ltr'><strong>frondes</strong></span> <span class='ocrx_word' id='word_1_46' title='bbox 776 1085 844 1145; x_wconf 89' lang='lat' dir='ltr'><strong>erat</strong></span> <span class='ocrx_word' id='word_1_47' title='bbox 859 1068 976 1144; x_wconf 84' lang='lat' dir='ltr'><strong>addere</strong></span> <span class='ocrx_word' id='word_1_48' title='bbox 991 1066 1104 1146; x_wconf 76' lang='lat' dir='ltr'><strong>silvisr</strong></span> 
     </span>
     <span class='ocr_line' id='line_1_8' title="bbox 195 1183 938 1272; baseline -0.001 -15"><span class='ocrx_word' id='word_1_49' title='bbox 195 1187 273 1260; x_wconf 84' lang='lat' dir='ltr'><strong>llaec</strong></span> <span class='ocrx_word' id='word_1_50' title='bbox 291 1185 371 1259; x_wconf 90' lang='lat' dir='ltr'><strong>mihi</strong></span> <span class='ocrx_word' id='word_1_51' title='bbox 389 1186 561 1259; x_wconf 84' lang='lat' dir='ltr'><strong>cunctandi</strong></span> <span class='ocrx_word' id='word_1_52' title='bbox 581 1213 693 1272; x_wconf 86' lang='lat' dir='ltr'><strong>causa,</strong></span> <span class='ocrx_word' id='word_1_53' title='bbox 711 1186 849 1272; x_wconf 87' lang='lat' dir='ltr'><strong>Severe,</strong></span> <span class='ocrx_word' id='word_1_54' title='bbox 864 1183 938 1258; x_wconf 87' lang='lat' dir='ltr'><strong>fnit.</strong></span> 
     </span>
     <span class='ocr_line' id='line_1_9' title="bbox 146 1297 1015 1398; baseline 0.002 -30"><span class='ocrx_word' id='word_1_55' title='bbox 146 1299 212 1371; x_wconf 88' lang='lat' dir='ltr'><strong>Nee</strong></span> <span class='ocrx_word' id='word_1_56' title='bbox 229 1315 336 1371; x_wconf 89' lang='lat' dir='ltr'><strong>tamen</strong></span> <span class='ocrx_word' id='word_1_57' title='bbox 354 1299 521 1393; x_wconf 86' lang='lat' dir='ltr'><strong>ingenium</strong></span> <span class='ocrx_word' id='word_1_58' title='bbox 537 1298 635 1371; x_wconf 89' lang='lat' dir='ltr'><strong>nobis</strong></span> <span class='ocrx_word' id='word_1_59' title='bbox 650 1297 846 1398; x_wconf 78' lang='lat' dir='ltr'><strong>respondet,</strong></span> <span class='ocrx_word' id='word_1_60' title='bbox 864 1314 903 1370; x_wconf 89' lang='lat' dir='ltr'><strong>ut</strong></span> <span class='ocrx_word' id='word_1_61' title='bbox 917 1314 1015 1371; x_wconf 86' lang='lat' dir='ltr'><strong>ante:</strong></span> 
     </span>
     <span class='ocr_line' id='line_1_10' title="bbox 194 1411 839 1487; baseline -0.002 -3"><span class='ocrx_word' id='word_1_62' title='bbox 194 1413 258 1485; x_wconf 89' lang='lat' dir='ltr'><strong>Sed</strong></span> <span class='ocrx_word' id='word_1_63' title='bbox 274 1413 396 1486; x_wconf 88' lang='lat' dir='ltr'><strong>siecum</strong></span> <span class='ocrx_word' id='word_1_64' title='bbox 414 1411 516 1485; x_wconf 89' lang='lat' dir='ltr'><strong>sterili</strong></span> <span class='ocrx_word' id='word_1_65' title='bbox 531 1440 658 1487; x_wconf 87' lang='lat' dir='ltr'><strong>vomere</strong></span> <span class='ocrx_word' id='word_1_66' title='bbox 674 1412 754 1486; x_wconf 88' lang='lat' dir='ltr'><strong>litos</strong></span> <span class='ocrx_word' id='word_1_67' title='bbox 771 1441 839 1487; x_wconf 89' lang='lat' dir='ltr'><strong>aro.</strong></span> 
     </span>
     <span class='ocr_line' id='line_1_11' title="bbox 147 1525 885 1613; baseline 0.004 -15"><span class='ocrx_word' id='word_1_68' title='bbox 147 1525 275 1601; x_wconf 86' lang='lat' dir='ltr'><strong>Scilicet</strong></span> <span class='ocrx_word' id='word_1_69' title='bbox 291 1546 330 1602; x_wconf 91' lang='lat' dir='ltr'><strong>ut</strong></span> <span class='ocrx_word' id='word_1_70' title='bbox 342 1527 440 1603; x_wconf 89' lang='lat' dir='ltr'><strong>limus</strong></span> <span class='ocrx_word' id='word_1_71' title='bbox 458 1555 556 1602; x_wconf 83' lang='lat' dir='ltr'><strong>venas</strong></span> <span class='ocrx_word' id='word_1_72' title='bbox 573 1528 758 1602; x_wconf 79' lang='lat' dir='ltr'><strong>excaecatio</strong></span> <span class='ocrx_word' id='word_1_73' title='bbox 770 1525 885 1613; x_wconf 86' lang='lat' dir='ltr'><strong>undis,</strong></span> 
     </span>
     <span class='ocr_line' id='line_1_12' title="bbox 192 1640 923 1742; baseline -0.003 -28"><span class='ocrx_word' id='word_1_74' title='bbox 192 1643 346 1741; x_wconf 74' lang='lat' dir='ltr'><strong>lesaqne</strong></span> <span class='ocrx_word' id='word_1_75' title='bbox 363 1642 553 1742; x_wconf 88' lang='lat' dir='ltr'><strong>subpresso</strong></span> <span class='ocrx_word' id='word_1_76' title='bbox 571 1641 661 1714; x_wconf 87' lang='lat' dir='ltr'><strong>loute</strong></span> <span class='ocrx_word' id='word_1_77' title='bbox 680 1640 804 1713; x_wconf 77' lang='lat' dir='ltr'><strong>resistit</strong></span> <span class='ocrx_word' id='word_1_78' title='bbox 820 1667 923 1739; x_wconf 87' lang='lat' dir='ltr'><strong>aqua;</strong></span> 
     </span>
     <span class='ocr_line' id='line_1_13' title="bbox 144 1754 940 1844; baseline 0 -14"><span class='ocrx_word' id='word_1_79' title='bbox 144 1757 282 1830; x_wconf 87' lang='lat' dir='ltr'><strong>Pectora</strong></span> <span class='ocrx_word' id='word_1_80' title='bbox 301 1759 346 1831; x_wconf 89' lang='lat' dir='ltr'><strong>sic</strong></span> <span class='ocrx_word' id='word_1_81' title='bbox 362 1785 434 1831; x_wconf 91' lang='lat' dir='ltr'><strong>mea</strong></span> <span class='ocrx_word' id='word_1_82' title='bbox 450 1776 528 1832; x_wconf 89' lang='lat' dir='ltr'><strong>sunt</strong></span> <span class='ocrx_word' id='word_1_83' title='bbox 541 1758 621 1831; x_wconf 93' lang='lat' dir='ltr'><strong>limo</strong></span> <span class='ocrx_word' id='word_1_84' title='bbox 638 1756 750 1831; x_wconf 88' lang='lat' dir='ltr'><strong>vitiata</strong></span> <span class='ocrx_word' id='word_1_85' title='bbox 766 1754 940 1844; x_wconf 88' lang='lat' dir='ltr'><strong>malorum,</strong></span> 
     </span>
     <span class='ocr_line' id='line_1_14' title="bbox 192 1870 1198 1973; baseline 0.004 -31"><span class='ocrx_word' id='word_1_86' title='bbox 192 1874 238 1943; x_wconf 87' lang='lat' dir='ltr'><strong>Et</strong></span> <span class='ocrx_word' id='word_1_87' title='bbox 253 1898 383 1944; x_wconf 88' lang='lat' dir='ltr'><strong>carmen</strong></span> <span class='ocrx_word' id='word_1_88' title='bbox 399 1899 478 1944; x_wconf 89' lang='lat' dir='ltr'><strong>vena</strong></span> <span class='ocrx_word' id='word_1_89' title='bbox 495 1872 689 1973; x_wconf 87' lang='lat' dir='ltr'><strong>pauperiore</strong></span> <span class='ocrx_word' id='word_1_90' title='bbox 704 1870 787 1945; x_wconf 88' lang='lat' dir='ltr'><strong>lluit.</strong></span> <span class='ocrx_word' id='word_1_91' title='bbox 1165 1909 1198 1946; x_wconf 80' lang='lat' dir='ltr'><strong>so</strong></span> 
     </span>
    </p>
   </div>
   <div class='ocr_carea' id='block_1_3' title="bbox 142 2066 1228 4155">
    <p class='ocr_par' dir='ltr' id='par_1_3' title="bbox 143 2066 1228 2297">
     <span class='ocr_line' id='line_1_15' title="bbox 176 2066 1195 2140; baseline 0.002 -18"><span class='ocrx_word' id='word_1_92' title='bbox 176 2071 200 2122; x_wconf 85' lang='lat'><strong>8.</strong></span> <span class='ocrx_word' id='word_1_93' title='bbox 216 2068 355 2136; x_wconf 79' lang='lat' dir='ltr'><strong>Qsaesacr&#39;s</strong></span> <span class='ocrx_word' id='word_1_94' title='bbox 365 2071 419 2134; x_wconf 84' lang='lat' dir='ltr'><strong>r&#39;pse</strong></span> <span class='ocrx_word' id='word_1_95' title='bbox 428 2069 519 2121; x_wconf 75' lang='lat' dir='ltr'><strong>lmus.</strong></span> <span class='ocrx_word' id='word_1_96' title='bbox 530 2066 588 2121; x_wconf 92' lang='lat' dir='ltr'><strong>Cur</strong></span> <span class='ocrx_word' id='word_1_97' title='bbox 596 2067 644 2121; x_wconf 87' lang='lat' dir='ltr'><strong>de·</strong></span> <span class='ocrx_word' id='word_1_98' title='bbox 691 2087 758 2122; x_wconf 79' lang='lat' dir='ltr'><strong>vers.</strong></span> <span class='ocrx_word' id='word_1_99' title='bbox 775 2087 819 2136; x_wconf 85' lang='lat'><strong>¹¹7</strong></span> <span class='ocrx_word' id='word_1_100' title='bbox 836 2086 843 2120; x_wconf 73' lang='grc' dir='ltr'><strong><em>ι</em></strong></span> <span class='ocrx_word' id='word_1_101' title='bbox 857 2068 926 2121; x_wconf 68' lang='lat' dir='ltr'><strong>ntes</strong></span> <span class='ocrx_word' id='word_1_102' title='bbox 939 2073 1014 2121; x_wconf 72' lang='lat' dir='ltr'><strong>siem</strong></span> <span class='ocrx_word' id='word_1_103' title='bbox 1027 2070 1107 2140; x_wconf 72' lang='lat' dir='ltr'><strong>scepeie</strong></span> <span class='ocrx_word' id='word_1_104' title='bbox 1119 2071 1195 2125; x_wconf 63' lang='lat' dir='ltr'><strong>teo-</strong></span> 
     </span>
     <span class='ocr_line' id='line_1_16' title="bbox 143 2141 1228 2214; baseline 0.002 -17"><span class='ocrx_word' id='word_1_105' title='bbox 143 2145 193 2199; x_wconf 85' lang='lat' dir='ltr'><strong>beo</strong></span> <span class='ocrx_word' id='word_1_106' title='bbox 211 2144 553 2214; x_wconf 80' lang='lat' dir='ltr'><strong>tibieaadserre,quorum</strong></span> <span class='ocrx_word' id='word_1_107' title='bbox 571 2155 645 2199; x_wconf 86' lang='lat' dir='ltr'><strong>tues</strong></span> <span class='ocrx_word' id='word_1_108' title='bbox 693 2143 836 2209; x_wconf 57' lang='lat' dir='ltr'><strong>treceni?</strong></span> <span class='ocrx_word' id='word_1_109' title='bbox 850 2148 974 2204; x_wconf 69' lang='lat' dir='ltr'><strong>lectitent</strong></span> <span class='ocrx_word' id='word_1_110' title='bbox 995 2141 1194 2211; x_wconf 64' lang='lat' dir='ltr'><strong>etdeindem.</strong></span> <span class='ocrx_word' id='word_1_111' title='bbox 1224 2190 1228 2199; x_wconf 85' lang='lat'><em>.</em></span> 
     </span>
     <span class='ocr_line' id='line_1_17' title="bbox 145 2213 1195 2297; baseline -0.004 -21"><span class='ocrx_word' id='word_1_112' title='bbox 145 2224 258 2293; x_wconf 87' lang='lat' dir='ltr'><strong>optimus</strong></span> <span class='ocrx_word' id='word_1_113' title='bbox 269 2222 370 2277; x_wconf 81' lang='lat' dir='ltr'><strong>artilex.</strong></span> <span class='ocrx_word' id='word_1_114' title='bbox 696 2239 743 2273; x_wconf 80' lang='lat' dir='ltr'><strong>sao</strong></span> <span class='ocrx_word' id='word_1_115' title='bbox 755 2238 761 2272; x_wconf 74' lang='grc' dir='ltr'><em>τ</em></span> <span class='ocrx_word' id='word_1_116' title='bbox 771 2213 851 2288; x_wconf 71' lang='grc' dir='ltr'><strong>ὄγχνη</strong></span> <span class='ocrx_word' id='word_1_117' title='bbox 863 2218 895 2272; x_wconf 76' lang='lat' dir='ltr'><strong>lc&#39;</strong></span> <span class='ocrx_word' id='word_1_118' title='bbox 903 2226 973 2297; x_wconf 68' lang='lat' dir='ltr'><strong>iwj</strong></span> <span class='ocrx_word' id='word_1_119' title='bbox 983 2221 1107 2294; x_wconf 65' lang='lat' dir='ltr'><strong>pupeienus,</strong></span> <span class='ocrx_word' id='word_1_120' title='bbox 1123 2230 1195 2289; x_wconf 73' lang='grc' dir='ltr'><strong>μελη</strong></span> 
     </span>
    </p>

    <p class='ocr_par' dir='ltr' id='par_1_4' title="bbox 142 2297 1195 2773">
     <span class='ocr_line' id='line_1_18' title="bbox 175 2297 850 2372; baseline -0.007 -18"><span class='ocrx_word' id='word_1_121' title='bbox 175 2320 200 2372; x_wconf 82' lang='lat'><strong>9.</strong></span> <span class='ocrx_word' id='word_1_122' title='bbox 221 2301 469 2367; x_wconf 72' lang='lat' dir='ltr'><strong>QursmeIAn&#39;staeo,</strong></span> <span class='ocrx_word' id='word_1_123' title='bbox 480 2300 649 2367; x_wconf 69' lang='lat' dir='ltr'><strong>pseeracelo</strong></span> <span class='ocrx_word' id='word_1_124' title='bbox 696 2297 721 2352; x_wconf 73' lang='lat' dir='ltr'><strong>t’</strong></span> <span class='ocrx_word' id='word_1_125' title='bbox 728 2303 765 2353; x_wconf 77' lang='lat' dir='ltr'><strong>let</strong></span> <span class='ocrx_word' id='word_1_126' title='bbox 775 2305 850 2370; x_wconf 68' lang='grc' dir='ltr'><strong>μελῳ.</strong></span> 
     </span>
     <span class='ocr_line' id='line_1_19' title="bbox 143 2372 1194 2444; baseline 0 -15"><span class='ocrx_word' id='word_1_127' title='bbox 143 2382 205 2429; x_wconf 76' lang='lat' dir='ltr'><strong>wisa</strong></span> <span class='ocrx_word' id='word_1_128' title='bbox 214 2379 328 2430; x_wconf 81' lang='lat' dir='ltr'><strong>Falerna.</strong></span> <span class='ocrx_word' id='word_1_129' title='bbox 338 2379 443 2429; x_wconf 69' lang='lat' dir='ltr'><strong>Baccho</strong></span> <span class='ocrx_word' id='word_1_130' title='bbox 451 2379 560 2431; x_wconf 71' lang='lat' dir='ltr'><strong>tatem</strong></span> <span class='ocrx_word' id='word_1_131' title='bbox 570 2374 646 2429; x_wconf 87' lang='lat' dir='ltr'><strong>multi</strong></span> <span class='ocrx_word' id='word_1_132' title='bbox 728 2394 766 2428; x_wconf 85' lang='lat' dir='ltr'><strong>sc.</strong></span> <span class='ocrx_word' id='word_1_133' title='bbox 782 2376 873 2428; x_wconf 64' lang='lat' dir='ltr'><strong>renue</strong></span> <span class='ocrx_word' id='word_1_134' title='bbox 878 2382 968 2441; x_wconf 73' lang='lat' dir='ltr'><strong>pectus</strong></span> <span class='ocrx_word' id='word_1_135' title='bbox 973 2375 1059 2426; x_wconf 71' lang='lat' dir='ltr'><strong>debes.</strong></span> <span class='ocrx_word' id='word_1_136' title='bbox 1072 2372 1120 2426; x_wconf 77' lang='lat' dir='ltr'><strong>Est</strong></span> <span class='ocrx_word' id='word_1_137' title='bbox 1130 2374 1194 2444; x_wconf 80' lang='lat' dir='ltr'><strong>tibi,</strong></span> 
     </span>
     <span class='ocr_line' id='line_1_20' title="bbox 143 2453 1195 2525; baseline -0.002 -17"><span class='ocrx_word' id='word_1_138' title='bbox 143 2466 259 2520; x_wconf 85' lang='lat' dir='ltr'><strong>veteres,</strong></span> <span class='ocrx_word' id='word_1_139' title='bbox 273 2467 298 2509; x_wconf 88' lang='lat' dir='ltr'><strong>et</strong></span> <span class='ocrx_word' id='word_1_140' title='bbox 313 2467 398 2519; x_wconf 89' lang='lat' dir='ltr'><strong>recte;</strong></span> <span class='ocrx_word' id='word_1_141' title='bbox 409 2457 446 2511; x_wconf 85' lang='lat' dir='ltr'><strong>sic</strong></span> <span class='ocrx_word' id='word_1_142' title='bbox 455 2460 577 2510; x_wconf 79' lang='lat' dir='ltr'><strong>Falernus</strong></span> <span class='ocrx_word' id='word_1_143' title='bbox 587 2475 649 2524; x_wconf 67' lang='lat' dir='ltr'><strong>aper</strong></span> <span class='ocrx_word' id='word_1_144' title='bbox 693 2453 792 2525; x_wconf 82' lang='lat' dir='ltr'><strong>inquit,</strong></span> <span class='ocrx_word' id='word_1_145' title='bbox 809 2453 1065 2508; x_wconf 62' lang='lat' dir='ltr'><strong>abundedocoine.</strong></span> <span class='ocrx_word' id='word_1_146' title='bbox 1082 2479 1115 2494; x_wconf 92' lang='lat'>-</span> <span class='ocrx_word' id='word_1_147' title='bbox 1125 2454 1195 2506; x_wconf 74' lang='lat' dir='ltr'><strong>Ister</strong></span> 
     </span>
     <span class='ocr_line' id='line_1_21' title="bbox 143 2536 1192 2607; baseline -0.004 -17"><span class='ocrx_word' id='word_1_148' title='bbox 143 2548 170 2590; x_wconf 88' lang='lat' dir='ltr'><strong>et</strong></span> <span class='ocrx_word' id='word_1_149' title='bbox 179 2536 277 2590; x_wconf 84' lang='lat' dir='ltr'><strong>similis.</strong></span> <span class='ocrx_word' id='word_1_150' title='bbox 285 2537 417 2591; x_wconf 77' lang='lat' dir='ltr'><strong>Ceterum</strong></span> <span class='ocrx_word' id='word_1_151' title='bbox 422 2537 548 2607; x_wconf 87' lang='lat' dir='ltr'><strong>corripuit</strong></span> <span class='ocrx_word' id='word_1_152' title='bbox 556 2543 582 2592; x_wconf 73' lang='grc' dir='ltr'><strong>το·</strong></span> <span class='ocrx_word' id='word_1_153' title='bbox 587 2540 643 2598; x_wconf 76' lang='lat' dir='ltr'><strong>sset.</strong></span> <span class='ocrx_word' id='word_1_154' title='bbox 692 2540 800 2590; x_wconf 79' lang='lat' dir='ltr'><strong>colentes</strong></span> <span class='ocrx_word' id='word_1_155' title='bbox 810 2537 941 2588; x_wconf 75' lang='lat' dir='ltr'><strong>IIeIr&#39;eona,</strong></span> <span class='ocrx_word' id='word_1_156' title='bbox 953 2537 1028 2589; x_wconf 90' lang='lat' dir='ltr'><strong>lnter</strong></span> <span class='ocrx_word' id='word_1_157' title='bbox 1042 2544 1131 2604; x_wconf 77' lang='lat' dir='ltr'><strong>poetes</strong></span> <span class='ocrx_word' id='word_1_158' title='bbox 1141 2551 1192 2587; x_wconf 87' lang='lat' dir='ltr'><strong>eo-</strong></span> 
     </span>
     <span class='ocr_line' id='line_1_22' title="bbox 143 2612 1193 2688; baseline 0 -22"><span class='ocrx_word' id='word_1_159' title='bbox 143 2634 202 2668; x_wconf 86' lang='lat' dir='ltr'><strong>raro</strong></span> <span class='ocrx_word' id='word_1_160' title='bbox 214 2616 344 2688; x_wconf 83' lang='lat' dir='ltr'><strong>exemplo,</strong></span> <span class='ocrx_word' id='word_1_161' title='bbox 365 2615 434 2684; x_wconf 88' lang='lat' dir='ltr'><strong>quod</strong></span> <span class='ocrx_word' id='word_1_162' title='bbox 446 2635 476 2670; x_wconf 85' lang='lat' dir='ltr'><strong>ea</strong></span> <span class='ocrx_word' id='word_1_163' title='bbox 490 2635 539 2668; x_wconf 79' lang='lat' dir='ltr'><strong>vos</strong></span> <span class='ocrx_word' id='word_1_164' title='bbox 551 2617 595 2669; x_wconf 71' lang='grc' dir='ltr'><strong>ἇκῦ</strong></span> <span class='ocrx_word' id='word_1_165' title='bbox 606 2617 644 2669; x_wconf 73' lang='grc' dir='ltr'><strong>τοῦ</strong></span> <span class='ocrx_word' id='word_1_166' title='bbox 692 2615 775 2670; x_wconf 86' lang='lat' dir='ltr'><strong>lentes</strong></span> <span class='ocrx_word' id='word_1_167' title='bbox 786 2617 923 2669; x_wconf 85' lang='lat' dir='ltr'><strong>Musarum</strong></span> <span class='ocrx_word' id='word_1_168' title='bbox 933 2613 1005 2680; x_wconf 83' lang='lat' dir='ltr'><strong>loca,</strong></span> <span class='ocrx_word' id='word_1_169' title='bbox 1017 2622 1048 2667; x_wconf 82' lang='lat' dir='ltr'><strong>ut</strong></span> <span class='ocrx_word' id='word_1_170' title='bbox 1059 2624 1097 2668; x_wconf 86' lang='lat' dir='ltr'><strong>est</strong></span> <span class='ocrx_word' id='word_1_171' title='bbox 1110 2612 1193 2666; x_wconf 87' lang='lat' dir='ltr'><strong>Heli-</strong></span> 
     </span>
     <span class='ocr_line' id='line_1_23' title="bbox 142 2692 866 2773; baseline -0.001 -28"><span class='ocrx_word' id='word_1_172' title='bbox 142 2698 193 2761; x_wconf 73' lang='lat' dir='ltr'><strong>pite</strong></span> <span class='ocrx_word' id='word_1_173' title='bbox 204 2693 354 2748; x_wconf 88' lang='lat' dir='ltr'><strong>deducatur.</strong></span> <span class='ocrx_word' id='word_1_174' title='bbox 363 2692 643 2773; x_wconf 68' lang='lat' dir='ltr'><strong>Possetalioquinlegi,</strong></span> <span class='ocrx_word' id='word_1_175' title='bbox 693 2694 866 2747; x_wconf 78' lang='lat' dir='ltr'><strong>conBoeotie.</strong></span> 
     </span>
    </p>

    <p class='ocr_par' dir='ltr' id='par_1_5' title="bbox 142 2765 1194 4155">
     <span class='ocr_line' id='line_1_24' title="bbox 143 2765 1194 2841; baseline -0.007 -14"><span class='ocrx_word' id='word_1_176' title='bbox 143 2777 198 2827; x_wconf 73' lang='lat' dir='ltr'><strong>Met</strong></span> <span class='ocrx_word' id='word_1_177' title='bbox 213 2779 269 2841; x_wconf 81' lang='lat' dir='ltr'><strong>qus&#39;s</strong></span> <span class='ocrx_word' id='word_1_178' title='bbox 283 2776 400 2827; x_wconf 78' lang='lat' dir='ltr'><strong>Aristoeo.</strong></span> <span class='ocrx_word' id='word_1_179' title='bbox 415 2774 495 2825; x_wconf 85' lang='lat' dir='ltr'><strong>H.-</strong></span> <span class='ocrx_word' id='word_1_180' title='bbox 520 2775 582 2836; x_wconf 71' lang='lat' dir='ltr'><strong>Quis</strong></span> <span class='ocrx_word' id='word_1_181' title='bbox 596 2773 649 2821; x_wconf 75' lang='lat' dir='ltr'><strong>mel</strong></span> <span class='ocrx_word' id='word_1_182' title='bbox 729 2791 765 2823; x_wconf 81' lang='lat' dir='ltr'><strong>rs.</strong></span> <span class='ocrx_word' id='word_1_183' title='bbox 786 2774 891 2824; x_wconf 76' lang='lat' dir='ltr'><strong>Uberius</strong></span> <span class='ocrx_word' id='word_1_184' title='bbox 900 2771 969 2820; x_wconf 77' lang='lat' dir='ltr'><strong>nulli.</strong></span> <span class='ocrx_word' id='word_1_185' title='bbox 977 2765 1047 2821; x_wconf 87' lang='lat' dir='ltr'><strong>Nulli</strong></span> <span class='ocrx_word' id='word_1_186' title='bbox 1057 2784 1136 2835; x_wconf 80' lang='lat' dir='ltr'><strong>quaen</strong></span> <span class='ocrx_word' id='word_1_187' title='bbox 1147 2766 1194 2820; x_wconf 84' lang='lat' dir='ltr'><strong>tibi</strong></span> 
     </span>
     <span class='ocr_line' id='line_1_25' title="bbox 143 2843 1194 2916; baseline -0.01 -8"><span class='ocrx_word' id='word_1_188' title='bbox 143 2855 258 2907; x_wconf 67' lang='lat' dir='ltr'><strong>Aristaeo.</strong></span> <span class='ocrx_word' id='word_1_189' title='bbox 270 2854 310 2904; x_wconf 90' lang='lat' dir='ltr'><strong>De</strong></span> <span class='ocrx_word' id='word_1_190' title='bbox 325 2853 433 2904; x_wconf 69' lang='lat' dir='ltr'><strong>Aristaeo</strong></span> <span class='ocrx_word' id='word_1_191' title='bbox 448 2849 569 2904; x_wconf 85' lang='lat' dir='ltr'><strong>Justinus</strong></span> <span class='ocrx_word' id='word_1_192' title='bbox 578 2848 645 2901; x_wconf 89' lang='lat' dir='ltr'><strong>libro</strong></span> <span class='ocrx_word' id='word_1_193' title='bbox 692 2847 827 2916; x_wconf 74' lang='lat' dir='ltr'><strong>copiosius.</strong></span> <span class='ocrx_word' id='word_1_194' title='bbox 837 2850 1014 2912; x_wconf 69' lang='lat' dir='ltr'><strong>-Istasegsc</strong></span> <span class='ocrx_word' id='word_1_195' title='bbox 1027 2844 1079 2897; x_wconf 88' lang='lat' dir='ltr'><strong>lsta</strong></span> <span class='ocrx_word' id='word_1_196' title='bbox 1087 2843 1194 2897; x_wconf 81' lang='lat' dir='ltr'><strong>seientia</strong></span> 
     </span>
     <span class='ocr_line' id='line_1_26' title="bbox 143 2924 880 2998; baseline -0.008 -15"><span class='ocrx_word' id='word_1_197' title='bbox 143 2930 246 2983; x_wconf 86' lang='lat' dir='ltr'><strong>decimo</strong></span> <span class='ocrx_word' id='word_1_198' title='bbox 256 2929 348 2987; x_wconf 67' lang='lat' dir='ltr'><strong>tectim</strong></span> <span class='ocrx_word' id='word_1_199' title='bbox 358 2928 450 2998; x_wconf 73' lang='lat' dir='ltr'><strong>virgil.</strong></span> <span class='ocrx_word' id='word_1_200' title='bbox 459 2936 552 2997; x_wconf 83' lang='lat' dir='ltr'><strong>quarto</strong></span> <span class='ocrx_word' id='word_1_201' title='bbox 563 2924 645 2979; x_wconf 84' lang='lat' dir='ltr'><strong>Geor·</strong></span> <span class='ocrx_word' id='word_1_202' title='bbox 693 2925 755 2978; x_wconf 84' lang='lat' dir='ltr'><strong>artis</strong></span> <span class='ocrx_word' id='word_1_203' title='bbox 767 2926 880 2992; x_wconf 80' lang='lat' dir='ltr'><strong>poetirss.</strong></span> 
     </span>
     <span class='ocr_line' id='line_1_27' title="bbox 142 2999 1186 3076; baseline -0.011 -15"><span class='ocrx_word' id='word_1_204' title='bbox 142 3006 465 3076; x_wconf 78' lang='lat' dir='ltr'><strong>gicorum,vs·317,sqq.</strong></span> <span class='ocrx_word' id='word_1_205' title='bbox 732 3004 769 3067; x_wconf 69' lang='lat'><strong>14.</strong></span> <span class='ocrx_word' id='word_1_206' title='bbox 797 3004 938 3056; x_wconf 66' lang='lat' dir='ltr'><strong>Ceuclum.</strong></span> <span class='ocrx_word' id='word_1_207' title='bbox 960 2999 1014 3053; x_wconf 78' lang='lat' dir='ltr'><strong>Alii</strong></span> <span class='ocrx_word' id='word_1_208' title='bbox 1033 3000 1171 3053; x_wconf 67' lang='lat' dir='ltr'><strong>conclaui</strong></span> <span class='ocrx_word' id='word_1_209' title='bbox 1177 3036 1186 3060; x_wconf 82' lang='lat'><em>,</em></span> 
     </span>
     <span class='ocr_line' id='line_1_28' title="bbox 178 3077 1192 3151; baseline -0.005 -15"><span class='ocrx_word' id='word_1_210' title='bbox 178 3103 214 3136; x_wconf 93' lang='grc' dir='ltr'><strong>ιο.</strong></span> <span class='ocrx_word' id='word_1_211' title='bbox 236 3083 483 3151; x_wconf 61' lang='lat' dir='ltr'><strong>Tnptolemosruges.</strong></span> <span class='ocrx_word' id='word_1_212' title='bbox 497 3080 580 3137; x_wconf 84' lang='lat' dir='ltr'><strong>Ceres</strong></span> <span class='ocrx_word' id='word_1_213' title='bbox 587 3081 645 3136; x_wconf 81' lang='lat' dir='ltr'><strong>frn-</strong></span> <span class='ocrx_word' id='word_1_214' title='bbox 691 3079 770 3149; x_wconf 86' lang='lat' dir='ltr'><strong>idque</strong></span> <span class='ocrx_word' id='word_1_215' title='bbox 778 3081 860 3150; x_wconf 76' lang='lat' dir='ltr'><strong>magis</strong></span> <span class='ocrx_word' id='word_1_216' title='bbox 871 3082 960 3150; x_wconf 83' lang='lat' dir='ltr'><strong>placet.</strong></span> <span class='ocrx_word' id='word_1_217' title='bbox 968 3077 1192 3133; x_wconf 72' lang='lat' dir='ltr'><strong>Mrem-Nostri</strong></span> 
     </span>
     <span class='ocr_line' id='line_1_29' title="bbox 143 3157 1130 3228; baseline -0.007 -15"><span class='ocrx_word' id='word_1_218' title='bbox 143 3160 244 3227; x_wconf 82' lang='lat' dir='ltr'><strong>menti,</strong></span> <span class='ocrx_word' id='word_1_219' title='bbox 256 3158 326 3228; x_wconf 85' lang='lat' dir='ltr'><strong>quod</strong></span> <span class='ocrx_word' id='word_1_220' title='bbox 343 3159 409 3213; x_wconf 83' lang='lat' dir='ltr'><strong>sorte</strong></span> <span class='ocrx_word' id='word_1_221' title='bbox 427 3161 496 3212; x_wconf 89' lang='lat' dir='ltr'><strong>inter</strong></span> <span class='ocrx_word' id='word_1_222' title='bbox 507 3160 568 3215; x_wconf 76' lang='lat' dir='ltr'><strong>alias</strong></span> <span class='ocrx_word' id='word_1_223' title='bbox 577 3160 644 3215; x_wconf 85' lang='lat' dir='ltr'><strong>her-</strong></span> <span class='ocrx_word' id='word_1_224' title='bbox 692 3176 752 3213; x_wconf 89' lang='lat' dir='ltr'><strong>curn</strong></span> <span class='ocrx_word' id='word_1_225' title='bbox 764 3157 902 3211; x_wconf 80' lang='lat' dir='ltr'><strong>duodecim</strong></span> <span class='ocrx_word' id='word_1_226' title='bbox 913 3157 982 3221; x_wconf 83' lang='lat' dir='ltr'><strong>aliis,</strong></span> <span class='ocrx_word' id='word_1_227' title='bbox 995 3160 1130 3209; x_wconf 59' lang='lat' dir='ltr'><strong>cunctanti</strong></span> 
     </span>
     <span class='ocr_line' id='line_1_30' title="bbox 143 3235 1191 3306; baseline -0.003 -15"><span class='ocrx_word' id='word_1_228' title='bbox 143 3236 644 3306; x_wconf 60' lang='lat' dir='ltr'><strong>lsasnssrebaturignotumreterispri·</strong></span> <span class='ocrx_word' id='word_1_229' title='bbox 727 3235 1084 3291; x_wconf 75' lang='lat' dir='ltr'><strong>15.Slccssnls‘rss.Materiarn</strong></span> <span class='ocrx_word' id='word_1_230' title='bbox 1092 3244 1191 3288; x_wconf 81' lang='lat' dir='ltr'><strong>ercam·</strong></span> 
     </span>
     <span class='ocr_line' id='line_1_31' title="bbox 143 3310 1189 3386; baseline -0.002 -18"><span class='ocrx_word' id='word_1_231' title='bbox 143 3334 187 3368; x_wconf 86' lang='lat' dir='ltr'><strong>rna</strong></span> <span class='ocrx_word' id='word_1_232' title='bbox 199 3333 274 3367; x_wconf 83' lang='lat' dir='ltr'><strong>usum</strong></span> <span class='ocrx_word' id='word_1_233' title='bbox 287 3313 435 3379; x_wconf 81' lang='lat' dir='ltr'><strong>adinvenit,</strong></span> <span class='ocrx_word' id='word_1_234' title='bbox 448 3313 587 3383; x_wconf 84' lang='lat' dir='ltr'><strong>docuitque</strong></span> <span class='ocrx_word' id='word_1_235' title='bbox 599 3313 644 3369; x_wconf 85' lang='lat' dir='ltr'><strong>lso·</strong></span> <span class='ocrx_word' id='word_1_236' title='bbox 691 3335 755 3386; x_wconf 88' lang='lat' dir='ltr'><strong>pum</strong></span> <span class='ocrx_word' id='word_1_237' title='bbox 764 3315 820 3369; x_wconf 84' lang='lat' dir='ltr'><strong>sine</strong></span> <span class='ocrx_word' id='word_1_238' title='bbox 835 3313 953 3368; x_wconf 78' lang='lat' dir='ltr'><strong>humore.</strong></span> <span class='ocrx_word' id='word_1_239' title='bbox 968 3310 1092 3383; x_wconf 68' lang='lat' dir='ltr'><strong>intelligit</strong></span> <span class='ocrx_word' id='word_1_240' title='bbox 1102 3321 1189 3366; x_wconf 87' lang='lat' dir='ltr'><strong>autem</strong></span> 
     </span>
     <span class='ocr_line' id='line_1_32' title="bbox 142 3389 1190 3464; baseline -0.005 -17"><span class='ocrx_word' id='word_1_241' title='bbox 142 3394 228 3448; x_wconf 84' lang='lat' dir='ltr'><strong>mines</strong></span> <span class='ocrx_word' id='word_1_242' title='bbox 239 3391 360 3445; x_wconf 74' lang='lat' dir='ltr'><strong>servandi</strong></span> <span class='ocrx_word' id='word_1_243' title='bbox 375 3402 400 3445; x_wconf 88' lang='lat' dir='ltr'><strong>et</strong></span> <span class='ocrx_word' id='word_1_244' title='bbox 410 3391 514 3447; x_wconf 89' lang='lat' dir='ltr'><strong>serendi</strong></span> <span class='ocrx_word' id='word_1_245' title='bbox 525 3391 643 3446; x_wconf 83' lang='lat' dir='ltr'><strong>modum.</strong></span> <span class='ocrx_word' id='word_1_246' title='bbox 690 3412 738 3464; x_wconf 87' lang='lat' dir='ltr'><strong>per</strong></span> <span class='ocrx_word' id='word_1_247' title='bbox 745 3390 942 3447; x_wconf 87' lang='lat' dir='ltr'><strong>similitudinem</strong></span> <span class='ocrx_word' id='word_1_248' title='bbox 954 3389 1083 3445; x_wconf 81' lang='lat' dir='ltr'><strong>scribendi</strong></span> <span class='ocrx_word' id='word_1_249' title='bbox 1099 3397 1190 3442; x_wconf 77' lang='lat' dir='ltr'><strong>mete-</strong></span> 
     </span>
     <span class='ocr_line' id='line_1_33' title="bbox 143 3464 1187 3540; baseline 0 -18"><span class='ocrx_word' id='word_1_250' title='bbox 143 3468 308 3540; x_wconf 85' lang='lat' dir='ltr'><strong>Triptolemo</strong></span> <span class='ocrx_word' id='word_1_251' title='bbox 325 3468 452 3523; x_wconf 83' lang='lat' dir='ltr'><strong>frumenti</strong></span> <span class='ocrx_word' id='word_1_252' title='bbox 477 3467 577 3522; x_wconf 86' lang='lat' dir='ltr'><strong>dedisse</strong></span> <span class='ocrx_word' id='word_1_253' title='bbox 597 3486 644 3521; x_wconf 87' lang='lat' dir='ltr'><strong>se-</strong></span> <span class='ocrx_word' id='word_1_254' title='bbox 690 3472 757 3525; x_wconf 83' lang='lat' dir='ltr'><strong>rism</strong></span> <span class='ocrx_word' id='word_1_255' title='bbox 771 3479 888 3523; x_wconf 76' lang='lat' dir='ltr'><strong>messam</strong></span> <span class='ocrx_word' id='word_1_256' title='bbox 904 3464 1100 3534; x_wconf 71' lang='lat' dir='ltr'><strong>resumpsisse,</strong></span> <span class='ocrx_word' id='word_1_257' title='bbox 1116 3466 1187 3522; x_wconf 87' lang='lat' dir='ltr'><strong>unde</strong></span> 
     </span>
     <span class='ocr_line' id='line_1_34' title="bbox 142 3541 1187 3615; baseline -0.002 -14"><span class='ocrx_word' id='word_1_258' title='bbox 142 3565 203 3601; x_wconf 87' lang='lat' dir='ltr'><strong>men</strong></span> <span class='ocrx_word' id='word_1_259' title='bbox 215 3587 223 3612; x_wconf 86' lang='lat'>,</span> <span class='ocrx_word' id='word_1_260' title='bbox 234 3546 422 3615; x_wconf 84' lang='lat' dir='ltr'><strong>mandasseque</strong></span> <span class='ocrx_word' id='word_1_261' title='bbox 431 3586 438 3613; x_wconf 87' lang='lat'><em>,</em></span> <span class='ocrx_word' id='word_1_262' title='bbox 447 3556 477 3599; x_wconf 93' lang='lat' dir='ltr'><strong>ut</strong></span> <span class='ocrx_word' id='word_1_263' title='bbox 489 3565 550 3600; x_wconf 85' lang='lat' dir='ltr'><strong>rum</strong></span> <span class='ocrx_word' id='word_1_264' title='bbox 560 3545 644 3601; x_wconf 88' lang='lat' dir='ltr'><strong>omni·</strong></span> <span class='ocrx_word' id='word_1_265' title='bbox 691 3546 776 3600; x_wconf 89' lang='lat' dir='ltr'><strong>nullus</strong></span> <span class='ocrx_word' id='word_1_266' title='bbox 787 3544 867 3615; x_wconf 84' lang='lat' dir='ltr'><strong>possit</strong></span> <span class='ocrx_word' id='word_1_267' title='bbox 876 3545 974 3598; x_wconf 79' lang='lat' dir='ltr'><strong>fructus</strong></span> <span class='ocrx_word' id='word_1_268' title='bbox 985 3552 1014 3596; x_wconf 82' lang='lat' dir='ltr'><strong>et</strong></span> <span class='ocrx_word' id='word_1_269' title='bbox 1023 3541 1109 3596; x_wconf 85' lang='lat' dir='ltr'><strong>honor</strong></span> <span class='ocrx_word' id='word_1_270' title='bbox 1118 3562 1187 3599; x_wconf 85' lang='lat' dir='ltr'><strong>ema·</strong></span> 
     </span>
     <span class='ocr_line' id='line_1_35' title="bbox 142 3619 1186 3693; baseline 0.002 -18"><span class='ocrx_word' id='word_1_271' title='bbox 142 3622 189 3675; x_wconf 88' lang='lat' dir='ltr'><strong>bus</strong></span> <span class='ocrx_word' id='word_1_272' title='bbox 202 3623 229 3676; x_wconf 86' lang='lat' dir='ltr'><strong>id</strong></span> <span class='ocrx_word' id='word_1_273' title='bbox 238 3625 339 3678; x_wconf 88' lang='lat' dir='ltr'><strong>donum</strong></span> <span class='ocrx_word' id='word_1_274' title='bbox 354 3623 522 3693; x_wconf 81' lang='lat' dir='ltr'><strong>participans,</strong></span> <span class='ocrx_word' id='word_1_275' title='bbox 532 3621 642 3675; x_wconf 90' lang='lat' dir='ltr'><strong>modum</strong></span> <span class='ocrx_word' id='word_1_276' title='bbox 691 3642 855 3693; x_wconf 79' lang='lat' dir='ltr'><strong>nare,neque</strong></span> <span class='ocrx_word' id='word_1_277' title='bbox 863 3622 944 3693; x_wconf 76' lang='lat' dir='ltr'><strong>gloria</strong></span> <span class='ocrx_word' id='word_1_278' title='bbox 949 3619 1032 3689; x_wconf 81' lang='lat' dir='ltr'><strong>aliqua</strong></span> <span class='ocrx_word' id='word_1_279' title='bbox 1040 3623 1186 3690; x_wconf 85' lang='lat' dir='ltr'><strong>provenire.</strong></span> 
     </span>
     <span class='ocr_line' id='line_1_36' title="bbox 142 3698 1186 3770; baseline 0.005 -21"><span class='ocrx_word' id='word_1_280' title='bbox 142 3699 287 3753; x_wconf 86' lang='lat' dir='ltr'><strong>seminandi</strong></span> <span class='ocrx_word' id='word_1_281' title='bbox 294 3710 462 3755; x_wconf 69' lang='lat' dir='ltr'><strong>monstraret.</strong></span> <span class='ocrx_word' id='word_1_282' title='bbox 474 3701 593 3753; x_wconf 79' lang='lat' dir='ltr'><strong>-Pm</strong></span> <span class='ocrx_word' id='word_1_283' title='bbox 601 3701 645 3752; x_wconf 76' lang='lat' dir='ltr'><strong>det</strong></span> <span class='ocrx_word' id='word_1_284' title='bbox 724 3721 762 3770; x_wconf 78' lang='lat'><strong>¹⁷·</strong></span> <span class='ocrx_word' id='word_1_285' title='bbox 777 3703 881 3755; x_wconf 76' lang='lat' dir='ltr'><strong>Scilicet</strong></span> <span class='ocrx_word' id='word_1_286' title='bbox 893 3709 924 3752; x_wconf 74' lang='lat' dir='ltr'><strong>st</strong></span> <span class='ocrx_word' id='word_1_287' title='bbox 940 3703 1022 3752; x_wconf 77' lang='lat' dir='ltr'><strong>Isisus.</strong></span> <span class='ocrx_word' id='word_1_288' title='bbox 1042 3698 1186 3768; x_wconf 85' lang='lat' dir='ltr'><strong>Quemad-</strong></span> 
     </span>
     <span class='ocr_line' id='line_1_37' title="bbox 144 3775 1187 3846; baseline -0.001 -17"><span class='ocrx_word' id='word_1_289' title='bbox 144 3775 259 3829; x_wconf 79' lang='lat' dir='ltr'><strong>Alcs&#39;soo.</strong></span> <span class='ocrx_word' id='word_1_290' title='bbox 271 3779 409 3845; x_wconf 77' lang='lat' dir='ltr'><strong>Alcinous,</strong></span> <span class='ocrx_word' id='word_1_291' title='bbox 427 3796 473 3830; x_wconf 79' lang='lat' dir='ltr'><strong>rex</strong></span> <span class='ocrx_word' id='word_1_292' title='bbox 486 3776 641 3843; x_wconf 76' lang='lat' dir='ltr'><strong>Pheraeum,</strong></span> <span class='ocrx_word' id='word_1_293' title='bbox 689 3778 799 3831; x_wconf 86' lang='lat' dir='ltr'><strong>modurn</strong></span> <span class='ocrx_word' id='word_1_294' title='bbox 813 3777 890 3829; x_wconf 90' lang='lat' dir='ltr'><strong>limus</strong></span> <span class='ocrx_word' id='word_1_295' title='bbox 901 3794 955 3829; x_wconf 91' lang='lat' dir='ltr'><strong>non</strong></span> <span class='ocrx_word' id='word_1_296' title='bbox 969 3777 1095 3846; x_wconf 86' lang='lat' dir='ltr'><strong>permittit</strong></span> <span class='ocrx_word' id='word_1_297' title='bbox 1109 3795 1187 3846; x_wconf 81' lang='lat' dir='ltr'><strong>aquas</strong></span> 
     </span>
     <span class='ocr_line' id='line_1_38' title="bbox 143 3851 1180 3923; baseline 0.003 -19"><span class='ocrx_word' id='word_1_298' title='bbox 143 3851 211 3904; x_wconf 89' lang='lat' dir='ltr'><strong>filius</strong></span> <span class='ocrx_word' id='word_1_299' title='bbox 223 3851 356 3908; x_wconf 81' lang='lat' dir='ltr'><strong>Nausitlsoi</strong></span> <span class='ocrx_word' id='word_1_300' title='bbox 366 3895 374 3923; x_wconf 84' lang='lat'>‚</span> <span class='ocrx_word' id='word_1_301' title='bbox 386 3855 475 3909; x_wconf 83' lang='lat' dir='ltr'><strong>hortos</strong></span> <span class='ocrx_word' id='word_1_302' title='bbox 488 3853 643 3908; x_wconf 77' lang='lat' dir='ltr'><strong>habuitenl-</strong></span> <span class='ocrx_word' id='word_1_303' title='bbox 687 3874 719 3908; x_wconf 86' lang='lat' dir='ltr'><strong>es</strong></span> <span class='ocrx_word' id='word_1_304' title='bbox 729 3855 801 3907; x_wconf 78' lang='lat' dir='ltr'><strong>venis</strong></span> <span class='ocrx_word' id='word_1_305' title='bbox 812 3872 979 3922; x_wconf 81' lang='lat' dir='ltr'><strong>procurrere:</strong></span> <span class='ocrx_word' id='word_1_306' title='bbox 998 3855 1034 3910; x_wconf 88' lang='lat' dir='ltr'><strong>sie</strong></span> <span class='ocrx_word' id='word_1_307' title='bbox 1047 3856 1114 3909; x_wconf 82' lang='lat' dir='ltr'><strong>mals</strong></span> <span class='ocrx_word' id='word_1_308' title='bbox 1130 3871 1180 3904; x_wconf 89' lang='lat' dir='ltr'><strong>oc-</strong></span> 
     </span>
     <span class='ocr_line' id='line_1_39' title="bbox 142 3929 1182 4001; baseline 0 -18"><span class='ocrx_word' id='word_1_309' title='bbox 142 3929 261 3983; x_wconf 87' lang='lat' dir='ltr'><strong>tissimos.</strong></span> <span class='ocrx_word' id='word_1_310' title='bbox 268 3929 348 3982; x_wconf 85' lang='lat' dir='ltr'><strong>Unde</strong></span> <span class='ocrx_word' id='word_1_311' title='bbox 357 3931 434 3984; x_wconf 82' lang='lat' dir='ltr'><strong>Maro</strong></span> <span class='ocrx_word' id='word_1_312' title='bbox 442 3931 537 3999; x_wconf 74' lang='lat' dir='ltr'><strong>Georg.</strong></span> <span class='ocrx_word' id='word_1_313' title='bbox 547 3931 583 3997; x_wconf 86' lang='lat' dir='ltr'><strong>ll,</strong></span> <span class='ocrx_word' id='word_1_314' title='bbox 591 3933 622 4001; x_wconf 79' lang='lat'><strong>87</strong></span> <span class='ocrx_word' id='word_1_315' title='bbox 632 3952 639 3987; x_wconf 80' lang='lat' dir='ltr'><strong><em>z</em></strong></span> <span class='ocrx_word' id='word_1_316' title='bbox 688 3929 797 3985; x_wconf 85' lang='lat' dir='ltr'><strong>cludunt</strong></span> <span class='ocrx_word' id='word_1_317' title='bbox 807 3941 834 3985; x_wconf 87' lang='lat' dir='ltr'><strong>et</strong></span> <span class='ocrx_word' id='word_1_318' title='bbox 841 3942 1008 3986; x_wconf 83' lang='lat' dir='ltr'><strong>remorantur</strong></span> <span class='ocrx_word' id='word_1_319' title='bbox 1016 3932 1115 4000; x_wconf 82' lang='lat' dir='ltr'><strong>copiam</strong></span> <span class='ocrx_word' id='word_1_320' title='bbox 1124 3942 1182 3976; x_wconf 71' lang='lat' dir='ltr'><strong>car·</strong></span> 
     </span>
     <span class='ocr_line' id='line_1_40' title="bbox 143 4001 1184 4080; baseline -0.002 -18"><span class='ocrx_word' id='word_1_321' title='bbox 143 4008 298 4076; x_wconf 73' lang='lat' dir='ltr'><strong>«Pomaque</strong></span> <span class='ocrx_word' id='word_1_322' title='bbox 307 4016 335 4060; x_wconf 83' lang='lat' dir='ltr'><strong>et</strong></span> <span class='ocrx_word' id='word_1_323' title='bbox 345 4006 448 4060; x_wconf 79' lang='lat' dir='ltr'><strong>Alcinoi</strong></span> <span class='ocrx_word' id='word_1_324' title='bbox 459 4009 543 4079; x_wconf 65' lang='lat' dir='ltr'><strong>sylva.</strong></span> <span class='ocrx_word' id='word_1_325' title='bbox 556 4029 570 4054; x_wconf 76' lang='lat' dir='ltr'><strong>s</strong></span> <span class='ocrx_word' id='word_1_326' title='bbox 581 4009 643 4063; x_wconf 79' lang='lat' dir='ltr'><strong>llo·</strong></span> <span class='ocrx_word' id='word_1_327' title='bbox 688 4009 780 4076; x_wconf 89' lang='lat' dir='ltr'><strong>minis,</strong></span> <span class='ocrx_word' id='word_1_328' title='bbox 792 4019 819 4064; x_wconf 87' lang='lat' dir='ltr'><strong>et</strong></span> <span class='ocrx_word' id='word_1_329' title='bbox 830 4029 921 4066; x_wconf 80' lang='lat' dir='ltr'><strong>venam</strong></span> <span class='ocrx_word' id='word_1_330' title='bbox 928 4001 1184 4080; x_wconf 65' lang='lat' dir='ltr'><strong>poetiraemsi‘sttfis·</strong></span> 
     </span>
     <span class='ocr_line' id='line_1_41' title="bbox 143 4082 1163 4155; baseline -0.006 -19"><span class='ocrx_word' id='word_1_331' title='bbox 143 4102 244 4151; x_wconf 85' lang='lat' dir='ltr'><strong>merus,</strong></span> <span class='ocrx_word' id='word_1_332' title='bbox 253 4083 336 4155; x_wconf 88' lang='lat' dir='ltr'><strong>Odys.</strong></span> <span class='ocrx_word' id='word_1_333' title='bbox 346 4093 380 4151; x_wconf 82' lang='lat' dir='ltr'><strong>u,</strong></span> <span class='ocrx_word' id='word_1_334' title='bbox 392 4082 426 4136; x_wconf 92' lang='lat' dir='ltr'><strong>de</strong></span> <span class='ocrx_word' id='word_1_335' title='bbox 434 4083 535 4137; x_wconf 82' lang='lat' dir='ltr'><strong>Alcinoi</strong></span> <span class='ocrx_word' id='word_1_336' title='bbox 542 4084 640 4154; x_wconf 81' lang='lat' dir='ltr'><strong>hortis,</strong></span> <span class='ocrx_word' id='word_1_337' title='bbox 687 4115 720 4128; x_wconf 92' lang='lat'>-</span> <span class='ocrx_word' id='word_1_338' title='bbox 729 4090 853 4144; x_wconf 80' lang='lat' dir='ltr'><strong>Escaecs!</strong></span> <span class='ocrx_word' id='word_1_339' title='bbox 861 4108 946 4144; x_wconf 75' lang='lat' dir='ltr'><strong>unas.</strong></span> <span class='ocrx_word' id='word_1_340' title='bbox 954 4089 1044 4139; x_wconf 86' lang='lat' dir='ltr'><strong>Venss</strong></span> <span class='ocrx_word' id='word_1_341' title='bbox 1053 4083 1163 4134; x_wconf 77' lang='lat' dir='ltr'><strong>obturat</strong></span> 
     </span>
    </p>
   </div>
   <div class='ocr_carea' id='block_1_4' title="bbox 0 0 1366 4702">
    <p class='ocr_par' dir='ltr' id='par_1_6' title="bbox 0 0 1366 4702">
     <span class='ocr_line' id='line_1_42' title="bbox 0 0 1366 4702; baseline 0 0"><span class='ocrx_word' id='word_1_342' title='bbox 0 0 1366 4702; x_wconf 95' lang='lat' dir='ltr'><strong> </strong></span> 
     </span>
    </p>
   </div>
  </div>
 </body>
</html>
