2722 4702
270 358 1069 432 EXPONTOL18.1.EPIST.vl11.
1141 371 1204 437 301

187 499 231 570 Et
248 498 338 583 voti,
358 525 489 597 quaeso,
506 498 661 570 contrahe
678 497 747 572 veIa
762 500 821 571 tui.

144 614 244 686 Terra
262 610 358 687 velim
372 611 526 712 propior,
544 611 694 714 nullique
710 614 856 689 obnoxia
870 614 960 689 bello

192 731 315 818 Detur;
334 729 398 803 erit
410 729 537 803 nostris
553 757 632 830 pars
646 731 734 805 bona
751 733 858 807 demta
873 732 976 808 malis.

141 903 224 973 petis?
235 926 248 949 ιι
262 904 386 957 tt-AI
399 908 503 956 nimiam
515 910 562 956 est.
576 902 648 971 Quia
696 903 825 959 Honori.
835 904 872 973 11,
883 908 909 972 x‚'
918 910 948 974 ²4
958 927 985 960 ια
995 904 1209 967 Contrahesven·

141 1000 276 1051 nunquam
289 981 335 1035 tibi
350 980 484 1050 prestabit
498 979 648 1050 Angustus,
700 992 728 1035 to
740 981 853 1034 nimium
864 981 981 1035 seeundo
989 982 1106 1054 Turgida
1118 984 1183 1041 vela.
1193 1009 1208 1036 s

141 1071 171 1114 nt
186 1061 313 1131 relegatus
329 1061 357 1114 in
375 1079 470 1132 agrum
488 1068 564 1112 tuum
581 1079 649 1128 per-
735 1060 774 1127 74.
790 1062 858 1112 Pars
869 1062 942 1111 bona.
955 1058 1054 1130 Magna
1068 1081 1136 1130 pars
1149 1062 1208 1117 Te-

141 1138 252 1192 reniam.
699 1136 799 1189 rentins
813 1145 957 1205 utrumque
974 1136 1069 1209 jungit
1088 1138 1208 1195 Eunuch.

177 1239 215 1287 7²·
228 1220 267 1270 Et
277 1220 393 1271 comete
406 1219 467 1270 mla
483 1221 525 1269 tue·
536 1220 596 1269 voti.
615 1215 651 1269 Et
700 1215 773 1280 Im:
782 1235 795 1260 α
805 1213 875 1267 Nam
885 1213 1041 1284 hieqnoque
1050 1215 1148 1271 bonam
1156 1237 1208 1273 me

142 1296 191 1350 voti
213 1295 250 1349 tui
270 1295 429 1350 desiderium
451 1294 590 1364 restringe.
607 1292 651 1346 Sic
699 1308 832 1361 quamque
843 1302 945 1361 partem
957 1292 990 1347 ad
1002 1303 1028 1349 te
1038 1293 1160 1349 adtulit.»

148 1456 1207 1489 m

466 1569 776 1655 EPISTOLA
805 1569 884 1654 tx.

557 1906 791 1979 MAXIMO.

493 2202 852 2265 ARGUMENTUII.

146 2337 225 2390 Poeta
247 2334 326 2388 Celso
344 2333 489 2399 defuncto,
504 2338 579 2405 cujus
599 2351 714 2394 mortem
732 2339 901 2393 nuntiaverat
918 2336 1068 2404 Mamaos,
1086 2337 1211 2411 lacrymas

174 2419 243 2473 libat.
260 2420 286 2473 Is
301 2419 450 2472 Maximum
465 2421 642 2489 prestiturum
653 2422 747 2478 auxilia
762 2423 918 2494 promiserat
931 2438 1011 2493 eque
1028 2421 1104 2476 amici
1116 2423 1210 2486 verba,

176 2524 210 2559 ne
222 2504 323 2560 Inerint
335 2525 418 2571 vana,
433 2517 562 2577 precatur.

148 2633 261 2763 Qun
275 2662 357 2740 mihi
373 2664 525 2766 derepto
544 2685 603 2740 tua
621 2668 709 2744 venit
725 2668 868 2769 epistola
885 2666 1000 2754 Celso,

188 2783 348 2856 Protinus
367 2798 416 2855 est
432 2779 588 2884 lacrymis
602 2783 739 2859 humida
756 2785 841 2860 sacta
856 2782 959 2856 meis:

145 2898 315 2995 Quodque
330 2897 421 2971 nesas
438 2896 552 2985 dictu,
568 2897 638 2971 fieri
655 2928 716 2972 nee
734 2929 831 3001 posse
846 2897 977 2998 putavi,

194 3012 311 3085 Invitis
330 3010 434 3086 oeulis
453 3011 547 3085 litera
562 3010 645 3088 lecta
664 3033 796 3087 tuaest.

148 3127 215 3200 Nec
231 3126 410 3228 quidquam
427 3127 468 3199 ad
486 3145 617 3203 nostras
633 3126 782 3229 pervenit
797 3126 947 3200 acerbius
962 3152 1073 3211 aures,

195 3247 242 3319 Ut
258 3272 371 3319 sumus
387 3246 420 3318 in
438 3247 565 3333 Ponto,
584 3245 818 3346 perveniatque
836 3269 963 3344 precor.

146 3361 235 3433 Ante
251 3387 345 3433 meos
360 3359 477 3433 oeulos
498 3377 653 3460 tanquam
670 3358 839 3460 praesentis
858 3357 965 3450 imago

194 3477 324 3563 Haeret,
344 3493 377 3550 et
394 3475 592 3550 exstinctum
609 3475 713 3547 rivere
728 3474 825 3568 fingit
840 3499 940 3547 amor.

147 3591 236 3691 Saepe
252 3592 353 3666 refert
369 3592 497 3665 animus
516 3589 610 3663 lusus
627 3589 783 3685 gravitate
800 3605 964 3674 carentes;

197 3709 285 3781 Seria
302 3738 377 3783 eum
395 3708 522 3809 liquida
539 3725 771 3808 sepeperacta
785 3706 860 3780 fide.
1180 3739 1208 3773 ιο

182 3883 205 3914 2.
213 3865 350 3934 Lacryrrh.
361 3869 449 3922 Oculis
458 3863 654 3935 Excerpthos·
703 3868 826 3918 -Lusrrs
846 3869 971 3933 paritate
991 3874 1111 3918 carentes.
1130 3858 1209 3910 Joeos

147 3943 186 3996 sii·
209 3940 297 3995 Nostri
309 3942 418 4009 melius,
432 3946 559 4012 lacrymis.
702 3943 759 4011 ejus
771 3942 881 3996 minime
894 3960 1004 3996 severos.
1131 3988 1133 3993 ,

182 4022 206 4073 8.
221 4022 313 4072 Heret.
326 4020 388 4084 An,
406 4023 489 4073 Errat.
501 4019 599 4072 Bon.
739 4040 775 4074 ro.
794 4022 856 4074 Cum
867 4022 964 4088 liquata
970 4021 1033 4085 fide.
1055 4012 1125 4065 Cum
1144 4026 1209 4076 pura

177 4121 201 4172 q.
213 4102 283 4165 sape
294 4098 376 4167 refert.
391 4098 466 4170 Saepe
479 4109 654 4170 repraesentat.
703 4109 731 4153 et
739 4110 810 4154 terta
822 4098 882 4151 fide.
