2722 4702
270 350 336 416 nx
359 350 544 417 rouro
568 352 663 418 Lm.
691 353 759 420 ιν.
786 353 954 424 nmsr.
980 358 1094 425 vrri.
1150 359 1215 444 445

197 487 331 561 Judicio
350 488 491 589 pretium
510 518 562 563 res
576 491 677 563 habet
694 492 757 565 ista
776 509 843 565 tuo.
961 574 969 585 x

152 603 254 701 Quod
271 604 334 677 uisi
354 621 385 677 te
401 631 523 678 nomen
543 622 667 678 tantum
685 606 725 678 ad
744 607 865 704 majora
882 628 1047 698 vocasset,

203 716 316 790 Gloria
334 717 501 791 Pieridum
518 746 643 791 summa
663 718 795 792 iuturus
812 747 892 793 eras.
1184 765 1216 819 7⁰

154 831 217 905 Sed
237 831 312 905 dare
330 833 496 906 materiam
512 832 629 919 nobis,
646 862 743 932 quam
762 834 924 921 earmina,
942 837 1070 934 majus:

204 949 272 1020 Nee
290 965 397 1020 tamen
416 977 455 1020 ex
472 966 543 1021 toto
561 949 707 1023 deserere
724 947 780 1021 illa
796 970 900 1049 potes.

155 1065 239 1136 Nam
257 1062 358 1135 modo
374 1062 461 1137 bella
479 1065 584 1159 geris,
601 1066 746 1139 numeris
765 1064 865 1138 modo
884 1064 985 1139 verba
1002 1093 1146 1156 coerces,

206 1175 375 1277 Quodque
393 1176 466 1250 aliis
483 1207 568 1279 opus
584 1197 653 1266 est,
671 1178 736 1252 hoe
755 1176 817 1250 tibi
834 1177 934 1252 ludus
950 1179 1022 1252 erit.

158 1298 270 1396 thue
284 1321 344 1367 nec
358 1294 398 1366 ad
413 1295 589 1382 citharam,
604 1324 664 1368 nee
681 1296 722 1368 ad
737 1325 847 1369 arcum
865 1296 974 1391 segnis
988 1295 1112 1398 Apollo
1126 1321 1193 1387 est;

207 1412 271 1485 Sed
290 1411 380 1483 venit
396 1410 437 1483 ad
455 1439 562 1484 sacras
578 1439 699 1484 nervus
714 1429 854 1511 uterque
871 1439 1006 1497 manus;
1191 1436 1224 1504 76

160 1529 213 1602 Sic
231 1530 294 1603 tibi
310 1557 370 1602 nec
388 1527 494 1614 docti,
512 1557 572 1601 nec
590 1528 709 1601 desunt
725 1528 886 1629 principis
902 1545 1010 1603 artes:

210 1645 311 1718 Mista
329 1645 385 1718 sed
403 1662 452 1717 est
467 1644 576 1717 animo
593 1671 667 1716 cum
681 1644 763 1716 Jove
781 1645 881 1716 Musa
898 1661 968 1717 tuo.

163 1759 247 1854 Quae
263 1760 416 1858 quoniam
433 1789 493 1833 nec
507 1789 572 1833 nos
589 1759 676 1831 unda
694 1757 862 1832 submovit
877 1758 919 1831 ab
937 1756 1012 1844 illa,

212 1872 345 1967 Ungula
365 1875 533 1970 Gorgonei
552 1903 650 1975 quam
666 1901 742 1946 cava
757 1872 835 1948 iecit
853 1874 948 1974 equi,
1194 1899 1227 1950 ευ

165 1987 291 2074 Prosit,
311 2016 472 2089 opemque
489 1989 571 2062 serat
589 1988 775 2062 communia
792 2016 883 2060 sacra
901 1990 1008 2075 tueri,

166 2156 199 2211 ta,
208 2143 278 2213 quod
289 2143 367 2198 docet
376 2141 672 2211 Tranquillns‚ecribens
721 2143 951 2193 reete-Numeres
963 2142 1036 2192 modo
1046 2144 1112 2194 bello
1123 2162 1228 2196 coerces.

165 2243 227 2276 eum
240 2224 373 2292 reliquisse
383 2220 521 2274 comoedias
529 2220 640 2275 Graecas.
724 2216 873 2286 Aliquando
885 2215 952 2269 bella
960 2217 1127 2284 intermittis,
1140 2232 1167 2272 et
1175 2240 1229 2273 car-

198 2303 238 2356 68.
254 2304 357 2354 Indicio
369 2310 418 2353 too.
432 2299 472 2353 Te
486 2300 521 2352 ita
532 2300 672 2367 judicante.
722 2298 794 2349 mina
804 2297 955 2365 componis,
967 2308 994 2348 et
1005 2298 1122 2350 numeris
1134 2298 1175 2349 illa
1188 2300 1231 2352 in-

166 2380 401 2445 —Haoetpreroo
413 2377 545 2431 Censetur
555 2387 582 2429 et
591 2376 674 2429 habe·
721 2373 866 2438 cludi23hoe
874 2384 922 2440 est,
930 2372 1098 2426 describisilla
1106 2373 1229 2430 versibus.

167 2468 212 2510 tur
229 2457 257 2510 in
276 2457 379 2527 pretio,
395 2468 441 2510 tuo
459 2455 564 2526 judicio.
576 2483 609 2495 ·-
620 2458 673 2507 Iler
757 2456 794 2522 75.
806 2456 901 2522 θαμὰ.
914 2454 1010 2505 Lentus
1022 2472 1090 2505 unus
1101 2452 1213 2508 Heinsii.

167 2541 226 2588 ista.
237 2535 355 2590 Facultas
366 2535 472 2605 poetica.
756 2530 795 2600 75.
807 2532 859 2582 Sed
866 2543 965 2599 uterque
977 2549 1072 2583 nervos.
1089 2528 1142 2581 Sed
1155 2541 1228 2584 utra-

199 2613 238 2686 69.
256 2616 352 2666 Norrrrrr
370 2623 474 2665 tortum.
497 2612 584 2663 Tanta
603 2608 673 2660 fama
723 2627 773 2676 que
788 2607 885 2660 chorda
901 2620 928 2660 et
945 2607 1049 2661 citharae
1067 2617 1093 2659 et
1107 2626 1230 2660 arcuo.—

168 2689 292 2744 rirtutum
308 2701 412 2743 tuarum
426 2709 431 2740 ι
443 2689 483 2740 vel
499 2707 597 2740 nomen
612 2685 674 2739 Cae-
728 2690 847 2740 Verrr‘tod
853 2707 948 2739 sacras.
957 2685 1180 2738 Tractatnrsaeris
1191 2684 1232 2738 di·

168 2770 275 2820 saris.-
287 2773 410 2820 Vocosset
421 2778 446 2818 te
457 2768 498 2816 ad.
511 2765 637 2832 Elegisset
650 2774 675 2816 te
725 2765 782 2832 gitis
794 2763 927 2832 Apollinis.

170 2845 201 2896 ad
218 2847 366 2911 imperium.
760 2863 797 2911 77.
817 2845 892 2893 Artes
910 2847 986 2895 docti.
1003 2841 1081 2893 Artes
1097 2839 1232 2908 liberales,

205 2942 243 2990 70.
259 2926 349 2974 Gloria
358 2924 486 2974 Pieridum
498 2938 602 2971 somma.
613 2919 677 2972 Erae
725 2930 752 2972 et
764 2920 871 2988 poetice
889 2920 995 2985 studia,
1016 2919 1044 2970 in
1063 2919 1156 2986 quibus
1171 2938 1234 2971 ver-

172 2998 275 3053 inturus
290 3001 415 3052 maximus
430 3009 514 3066 poeta.
726 3011 817 3052 santur
825 2999 1013 3052 docti-Artes
1017 3003 1149 3065 prr'rrcrpr‘s.
1157 2997 1234 3050 Artes

206 3098 245 3145 7¹·
256 3078 306 3128 Sed
316 3082 376 3129 dore
391 3081 519 3127 moterrizm
531 3079 611 3127 nobr's.
623 3074 677 3128 Sed
725 3076 900 3145 imperatorie
913 3096 919 3128 :
934 3076 983 3128 hoc
996 3084 1048 3140 est,
1061 3075 1100 3126 rei
1116 3072 1235 3128 militaris

138 3204 139 3207 ,
174 3154 287 3222 prebere
300 3153 380 3222 poetis
391 3152 540 3206 facultatem
549 3153 677 3206 scribendi
725 3153 840 3207 scientia.

174 3233 206 3285 de
219 3233 294 3286 rebus
306 3253 320 3286 a
332 3253 358 3286 se
372 3233 456 3301 gestie.
470 3259 503 3271 -
519 3236 600 3297 Quam
615 3252 678 3284 cor·
761 3233 799 3303 78.
811 3235 892 3284 Mr'rto
906 3236 954 3284 sed
965 3243 1006 3284 est
1018 3237 1102 3283 onr'rrm
1117 3240 1168 3284 luo.
1182 3232 1236 3286 Sed

174 3317 249 3364 orr'rra.
267 3311 312 3364 mr
335 3310 406 3363 enim
426 3309 533 3376 majoris
550 3308 678 3373 honoris,
728 3312 810 3365 heret
824 3311 1237 3364 animotno.-Com.lored!oso.

175 3409 253 3458 quam
265 3389 377 3442 seribere
388 3388 511 3440 carmina.
729 3390 924 3441 Doctrinarum
933 3387 1034 3456 optimo
1041 3387 1168 3456 principe,
1177 3407 1237 3457 qua·

208 3487 246 3536 7²-
258 3469 366 3518 Estote.
381 3465 500 3518 Exomni
513 3465 680 3533 parte-De·
728 3467 758 3520 lis
770 3478 808 3520 est
817 3467 922 3534 Jupiter
937 3465 1065 3518 Deorum.
1086 3467 1138 3519 Per
1151 3469 1238 3520 lorea

171 3545 472 3612 sererer‘llapotes.l'otes
480 3540 522 3594 itta
531 3541 646 3594 earmina
654 3551 680 3592 et
729 3544 1238 3615 euimintelligitimperatoriametprin-

173 3624 286 3693 poetices
294 3620 410 3675 studium
420 3621 680 3688 relinquere,quam·
729 3624 791 3692 cipis
810 3624 945 3677 scientiam
966 3643 972 3676 ς
990 3643 1038 3691 per
1056 3625 1156 3678 Musam
1173 3639 1236 3673 vero

173 3703 211 3752 vis
228 3705 261 3755 sit
279 3700 365 3768 major
386 3695 553 3767 imperatoria
571 3694 681 3765 dignitas
730 3702 836 3769 poetica
852 3700 1010 3754 facultatem.

175 3791 251 3844 poeta
263 3779 478 3846 ipsu-Deserere
489 3778 620 3842 illapotrs.
631 3777 683 3825 lre-
765 3798 803 3849 79.
815 3782 928 3831 Necnos.
937 3782 1190 3843 Necvos‚8erv.etp·
1199 3774 1241 3827 ed.

176 3859 257 3905 sinere
275 3856 434 3908 Hasniensis.
459 3853 511 3906 Adi
527 3863 601 3906 notes
623 3852 682 3903 Au.
764 3858 805 3908 80.
826 3858 928 3925 Ungula
943 3860 1071 3927 Gorgonei
1082 3856 1145 3919 eqni.
1165 3852 1240 3921 Hip-

179 3934 267 3985 Amat.
277 3934 320 3985 lib.
333 3935 374 4000 ΙΙ,
387 3935 434 3986 snb
447 3933 537 3985 finem.
551 3933 586 3986 H.
735 3952 857 4002 pocrene.

215 4013 254 4080 73.
274 4013 386 4063 Numeris
403 4016 476 4065 modo
493 4014 561 4063 bella
577 4029 683 4064 coerces.
766 4015 806 4065 81.
828 4015 910 4066 Tueri.
926 4013 1016 4062 ruenti
1036 4005 1120 4058 Servii
1135 4015 1162 4060 et
1176 4023 1241 4076 qna-

186 4091 266 4140 Verba
282 4107 379 4141 coerces
394 4087 509 4157 plerique
524 4100 640 4153 reteres;
658 4100 685 4144 et
735 4099 796 4144 tuor
807 4090 849 4146 alii
857 4129 865 4158 ,
879 4102 905 4144 et
916 4080 1081 4140 oenomai.
