2716 5214
144 805 212 890 tto
424 805 462 869 r.
489 802 671 871 ov1n11
701 800 938 870 nssomst

193 946 303 1045 Atque
321 942 426 1017 isdem
442 941 565 1021 studiis
582 941 780 1042 imposuisse
794 971 938 1016 manum.

143 1063 256 1137 Litora
272 1057 396 1160 pellitis
413 1058 552 1132 nimium
570 1057 717 1156 subjecta
736 1056 891 1145 Corallis,

193 1181 240 1251 Ut
257 1176 387 1250 tandem
405 1202 507 1248 savos
525 1172 748 1274 effugiamque
766 1173 884 1259 Getas,

145 1291 329 1392 Clausaque
346 1289 374 1365 si
392 1291 512 1363 misero
530 1289 635 1391 patria
651 1306 721 1376 est,
739 1306 777 1363 ut
793 1317 899 1390 ponar
914 1287 949 1361 iu
965 1286 1059 1377 ullo,
1181 1312 1216 1366 us

194 1410 262 1508 Qui
276 1411 386 1483 minus
404 1408 552 1483 Ausonia
568 1407 667 1482 distet
683 1408 725 1481 ab
743 1408 844 1495 urbe,
861 1406 957 1494 loco,

145 1529 244 1602 Unde
264 1545 337 1602 tuas
352 1522 476 1627 pos'sim
494 1526 609 1600 laudes
626 1524 789 1600 celebrare
805 1542 969 1612 recentes,

195 1641 384 1739 Magnaque
403 1666 501 1739 quam
518 1638 654 1710 minima
671 1636 756 1712 sacta
773 1635 892 1711 referre
908 1663 1013 1710 mora.

148 1759 277 1852 Tangat
292 1773 331 1831 ut
346 1755 412 1829 hoc
431 1773 545 1829 votum
562 1753 717 1841 calestia,
736 1782 807 1828 carc
825 1751 942 1841 Suilli,

196 1872 360 1960 Numina,
378 1900 442 1973 pro
460 1900 576 1946 socero
590 1900 681 1973 pane
699 1899 832 1972 precare
850 1888 919 1944 tuo.
1179 1909 1213 1962 9⁰

150 2062 153 2071 '
181 2062 221 2114 85.
231 2060 262 2111 Ia
274 2061 327 2110 atto.
339 2058 398 2110 Ullo
407 2055 523 2125 reposuit
531 2055 655 2109 Heinsius
736 2055 774 2123 87.
788 2057 917 2107 neceam.
934 2051 1028 2107 Malim
1043 2062 1155 2107 recenter.
1171 2053 1207 2106 H.

147 2157 179 2190 ex
189 2137 276 2190 codice
287 2134 402 2194 Mureti,
414 2152 495 2202 quem
506 2152 609 2202 sequor.
702 2131 755 2186 sed
771 2133 841 2200 prius
852 2131 1049 2201 praeferendum
1060 2144 1104 2188 est.

144 2301 1207 2334 Μ

463 2437 772 2525 EPISTOLA
810 2442 890 2526 IX.

547 2804 813 2881 GRAECINO.

499 3144 853 3206 ARGUMENTUM.

148 3296 283 3363 Gracina,
298 3295 400 3352 consuli
413 3295 564 3366 designato,
583 3307 611 3351 et
629 3297 703 3350 lratri
716 3298 772 3366 ejus
788 3299 938 3366 Pomponio
951 3298 1060 3365 Flaoco,
1082 3300 1130 3370 ipsi
1149 3319 1207 3354 suc-

179 3401 300 3447 cessuro,
313 3400 375 3435 eum
392 3380 522 3435 honorem
538 3381 681 3451 gratulatus
698 3381 786 3449 dolet,
802 3382 871 3451 quod
886 3402 940 3436 non
953 3402 1041 3436 coram
1063 3385 1152 3439 adesse
1164 3384 1212 3437 sibi

178 3463 246 3518 licet.
256 3463 339 3519 Suam
346 3481 449 3518 cainam
462 3464 566 3533 utrique
574 3465 750 3519 commendat.
758 3465 829 3518 Huic
838 3485 955 3535 quoque,
966 3465 1009 3535 qui
1019 3466 1214 3537 Mysiaeprmcs

179 3546 279 3611 luerit,
292 3545 453 3599 atrocitatem
463 3544 542 3599 exsilii
551 3546 590 3598 sui
601 3556 692 3599 notam
704 3565 758 3600 esse
767 3546 864 3600 refert:
874 3547 1006 3616 probitatis
1014 3565 1078 3615 sue,
1091 3549 1213 3603 Barbaris

180 3633 260 3687 ctiam
272 3643 367 3702 grata,
380 3643 407 3685 ct
419 3631 520 3702 pietatis
532 3632 560 3684 in
573 3631 691 3687 Caesares
700 3632 818 3687 Pontum
830 3634 934 3688 invocat
945 3644 1044 3688 testem.

147 3786 278 3913 UNDE
293 3816 388 3903 licet,
406 3845 475 3890 non
491 3814 578 3891 unde
591 3815 700 3914 juvat,
721 3815 889 3903 Gracina,
906 3815 1046 3890 salutem

195 3930 305 4003 Mittit
321 3931 362 4004 ab
379 3931 519 4004 Euxinis
536 3931 620 4004 hauc
638 3930 700 4003 tibi
716 3930 807 4003 Naso
822 3928 923 4002 vadis.

146 4045 317 4141 Missaque
330 4048 377 4120 Di
393 4045 514 4120 faciant
529 4074 680 4120 auroram
697 4063 846 4119 occurrat
862 4044 905 4119 ad
918 4044 1030 4132 illam,

193 4160 252 4234 Bis
269 4184 365 4232 senos
380 4162 481 4237 fasces
498 4191 570 4264 qua
588 4160 651 4235 tibi
668 4161 773 4263 prima
790 4160 893 4236 dabit.

176 4350 200 4382 2.
214 4331 257 4382 At
268 4327 385 4381 Euxinis.
397 4328 439 4377 Ab
447 4331 650 4385 hr'rsuttr...Getr‘s
699 4326 792 4397 quibus
806 4328 869 4379 novi
890 4323 1003 4380 consults
1021 4320 1208 4392 magistratum

147 4402 260 4459 Combii.
698 4408 888 4471 inibant,etin
899 4402 1059 4475 Capitolium
1068 4400 1211 4457 adscende·

176 4485 260 4548 tais
271 4479 449 4550 semfasces.
463 4478 588 4548 Designat
601 4503 650 4536 au·
697 4487 761 4540 bant
772 4504 833 4538 curn
847 4495 954 4552 senatu,
964 4482 1139 4539 sacrificatum
1152 4482 1208 4537 Diis

145 4567 199 4612 tem
220 4559 331 4613 Ovidius
353 4557 487 4613 Kalendas
507 4556 648 4624 Januarii,
697 4562 896 4619 immortalibus.
908 4561 989 4618 Unde
999 4561 1136 4630 subjungit
1147 4578 1202 4628 pot·
