2722 4702
150 337 217 427 aa
359 322 365 341 ‘
402 334 608 402 narnus
632 335 961 404 normannus·
1013 404 1015 409 ,

149 482 317 552 Innocuos
336 473 436 575 quid,
453 473 571 561 stulte,
586 474 697 572 jocos3
715 502 893 576 securaque
910 477 1015 552 credis
1167 505 1215 557 ms

200 591 369 677 Carmina,
387 618 447 663 nec
464 589 565 692 capiti
580 590 765 691 perniciosa
780 593 864 665 tuo?

149 714 237 784 Laeta
257 705 447 781 verecundae
461 705 541 805 quid
557 732 669 805 speras
686 705 753 779 otia
772 706 863 796 ritae,

198 821 352 895 Liberius
368 821 516 920 quamvis
529 821 626 894 Musa
641 820 748 918 jocata
764 819 874 895 soret?

150 935 304 1024 Falleris,
324 938 448 1008 oNaso
463 965 470 1007 :
487 936 594 1035 turpis
609 936 673 1008 sub
689 935 838 1037 principe
856 936 922 1009 vita

198 1055 301 1137 Tuta3
319 1050 376 1124 sed
393 1051 578 1146 ingenium,
598 1049 732 1147 lingua,
749 1051 910 1153 stilusque
926 1071 1056 1126 nocent
1166 1096 1212 1151 ¹9⁰

149 1166 278 1267 Arripit
293 1166 328 1238 in
346 1166 484 1253 crimen,
504 1166 666 1267 quidquid
684 1167 769 1252 vult,
789 1195 874 1269 saepe
892 1186 1063 1270 tyrannus,

197 1284 241 1354 Et
258 1281 396 1380 speciem
411 1280 491 1379 justi
506 1281 645 1355 vindicis
662 1281 737 1356 inde
754 1283 848 1383 petit.

149 1396 218 1470 Nec
233 1398 321 1470 bona
336 1397 445 1494 jurato
464 1396 649 1495 subjudice
667 1399 824 1497 quaritur
841 1426 987 1499 unquam

200 1515 321 1600 Causa,
338 1541 398 1585 nec
414 1513 589 1586 arbitrium
602 1512 681 1586 mite
696 1531 828 1587 senatus
842 1514 921 1608 agit.

149 1629 263 1702 Nutrit
275 1626 425 1701 adulator
439 1629 600 1702 commoti
610 1628 770 1727 principis
786 1628 871 1713 iras,

196 1742 313 1813 Incitat
330 1757 363 1808 et
379 1766 459 1809 saeva
477 1756 592 1835 peetus
609 1739 742 1838 agitque
757 1738 836 1812 sace.

147 1853 271 1951 Adjicit
287 1850 402 1925 insano
418 1850 539 1927 furiosa
555 1852 715 1928 calumnia
732 1855 834 1942 vires,

52 2008 55 2015 ·
65 2042 86 2089 ,ἡ
194 1971 359 2070 Poeuaque
377 1970 430 2043 vir
449 1988 531 2044 noto
551 1969 686 2044 crimine
701 1989 787 2045 certa
803 1971 903 2045 sedet.

66 2076 75 2087 '¹
86 2094 113 2161 Ἃ
146 2084 317 2157 Invehitur
333 2084 413 2159 diris
432 2113 509 2159 mox
527 2084 633 2159 tristis
649 2083 786 2185 epistola
802 2085 927 2171 verbis,

194 2203 279 2298 Quae
297 2200 410 2299 patriis
427 2200 582 2274 miserum
597 2200 795 2295 cogit=abire
811 2200 905 2275 locis.

147 2320 227 2392 llaec
242 2316 361 2391 surdiis
377 2343 513 2404 merces,
531 2317 634 2390 teneri
651 2334 833 2417 preceptor
849 2317 1000 2403 Amoris,

193 2435 257 2507 Est
268 2429 363 2517 data,
378 2457 438 2505 nec
455 2429 566 2527 potuit
581 2431 679 2504 Musa
696 2449 821 2518 vetare,
838 2431 914 2506 tuis.

144 2553 298 2634 Ferreus,
319 2544 453 2641 ingenio
469 2544 525 2647 qui
545 2562 575 2618 te
591 2544 778 2642 juveniliter
794 2575 914 2635 usum,

194 2667 232 2737 ln
249 2662 414 2762 Scythiam
431 2679 540 2735 censet
551 2662 771 2760 promeruisse
787 2663 907 2756 sugam.

145 2780 263 2854 Mitius
279 2777 427 2852 exsilium
444 2776 560 2850 sedne
576 2777 781 2879 propiusque
793 2778 947 2868 daretur,

193 2894 345 2993 Principe
362 2890 478 2980 lenito,
496 2890 614 2992 culpa,
631 2907 747 2993 poeta,
767 2909 824 2967 tua
841 2911 900 2967 est.

144 3013 301 3112 Turpiter
316 3009 439 3109 abjecta
453 3007 598 3082 blandiri
614 3026 725 3085 mente
739 3028 900 3111 tyranno,

193 3133 238 3203 Et
254 3127 423 3202 dominum
441 3125 569 3227 placida
584 3125 712 3201 llectere
729 3155 810 3201 voce
826 3126 947 3211 lerum;

145 3249 319 3328 Errorem,
337 3243 549 3343 culpamque,
567 3260 601 3316 et
616 3269 684 3316 non
700 3240 841 3314 admissa
856 3240 950 3314 lateri

193 3360 351 3446 Crimina,
371 3387 432 3432 nec
448 3356 542 3430 firmo
558 3375 689 3457 pectore
705 3356 771 3431 sata
788 3357 872 3457 pati;

143 3475 328 3548 Dedecorat
343 3492 466 3557 ratu,
484 3474 623 3573 patriam
640 3473 697 3572 qui
714 3472 857 3546 fortibus
875 3500 958 3559 esse,

193 3586 263 3659 Sub
279 3587 425 3687 liquido,
442 3586 576 3675 docuit,
594 3613 659 3685 qua
675 3603 764 3685 patet
780 3613 857 3672 axe,
875 3585 990 3660 sulum.

144 3708 267 3778 Versus
279 3703 321 3775 ab
335 3703 487 3798 ingenuis
504 3701 641 3777 famulas
659 3703 814 3778 delonnis
830 3704 872 3777 ad
888 3721 990 3786 artes,

134 3824 136 3828 ⁴
191 3817 306 3892 lnlami
322 3817 462 3893 maculas
479 3817 563 3892 sacta
581 3818 693 3917 priora
707 3834 797 3890 nota.

142 3936 209 4006 Nee
227 3954 291 4008 tam
307 3933 432 4009 Pierius
450 3935 601 4032 Scythico
622 3935 685 4008 sub
701 3933 804 4009 sidere
820 3935 942 4021 ferror,

191 4051 351 4124 Carminis
367 4067 423 4124 aut
438 4048 521 4124 abiit
537 4050 673 4149 spiritus
688 4048 745 4124 ille
759 4050 852 4123 sacri.
