2722 4702
292 366 357 433 Ex
381 364 557 432 PONTO
580 367 677 433 LIB.
702 367 777 433 111.
803 364 970 433 EPIST.
996 367 1041 434 V.
1134 367 1198 450 405

126 573 129 581 .
188 505 275 592 Aut,
295 505 385 605 quod
404 533 488 604 saepe
505 503 610 590 soles,
628 505 730 599 exigis
749 523 788 576 ut
802 505 956 593 recitent,
1167 525 1200 594 to

141 616 310 693 Interdum
327 620 477 719 queritur
494 638 548 693 tua
566 648 673 706 mens,
693 619 797 692 oblita
816 620 897 720 quid
911 622 1023 696 absit?

188 735 310 808 Nescio
328 734 409 833 quid
425 752 511 808 eerte
528 735 629 807 sentit
645 735 758 809 abesse
777 735 849 807 sui:

142 852 255 953 thue
271 850 364 952 loqui
381 853 421 924 de
438 880 489 925 me
507 851 645 925 multum
663 869 821 952 prasente
836 849 986 937 solebas,

187 971 287 1042 Nune
306 998 438 1070 quoque
455 969 597 1044 Nasonis
612 997 731 1041 nomen
747 969 781 1040 in
800 996 855 1041 ore
873 984 931 1041 tuo
949 969 1023 1041 est?

141 1083 217 1184 lpse
236 1084 368 1184 quidem
389 1084 505 1156 Getico
522 1112 651 1184 peream
667 1083 809 1157 violatus
824 1083 866 1156 ab
883 1110 978 1172 areu,

189 1201 253 1283 Et,
272 1197 315 1272 sit
332 1198 454 1298 perjuri
473 1228 571 1298 quam
588 1227 694 1299 prope
713 1226 824 1298 poena,
844 1196 956 1284 vides,

143 1316 190 1387 Te
205 1315 270 1389 nisi
287 1314 463 1387 momentis
480 1314 575 1386 video
591 1343 682 1415 paene
700 1313 854 1385 omnibus
871 1313 1006 1387 absens:

192 1431 305 1504 Gratia
322 1432 400 1517 Dis,
421 1430 523 1503 menti
541 1428 690 1530 quolibet
707 1429 753 1502 ire
770 1427 856 1501 lieet.

145 1548 214 1623 Hac
233 1547 290 1622 ubi
309 1548 459 1648 perveni,
480 1546 563 1620 nulli
581 1546 782 1633 cernendus,
800 1547 833 1618 in
851 1546 987 1635 urbem,
1168 1642 1172 1651 Ι

190 1665 282 1766 Saepe
300 1664 418 1766 loquor
436 1683 562 1749 tecum,
582 1691 666 1762 saepe
684 1661 840 1762 loquente
855 1660 958 1736 fruor.
1113 1689 1115 1693 ’
1169 1688 1202 1739 50

142 1783 250 1870 Tum,
268 1781 349 1854 mibi
366 1781 496 1855 difficile
510 1799 577 1867 est,
598 1807 695 1880 quam
714 1779 758 1852 sit
772 1779 876 1868 bene,
895 1780 1020 1872 dicem
1040 1812 1202 1889 quamque

193 1895 339 1969 Candida
355 1896 483 1992 judiciis
499 1899 583 1971 hora
601 1896 645 1969 sit
660 1893 717 1968 illa
730 1895 820 1968 meis.

144 2012 231 2083 Turn
249 2037 316 2098 me,
335 2010 362 2083 si
381 2039 443 2109 qua
457 2011 557 2100 fides,
575 2009 694 2085 caelesti
711 2010 787 2082 sede
800 2027 983 2108 receptum,

193 2125 278 2200 Cum
296 2124 472 2199 fortunatis
487 2128 636 2228 suspicor
654 2153 722 2199 esse
741 2125 831 2198 Deis.

145 2244 290 2329 Rursus,
310 2260 349 2316 ut
365 2243 433 2315 buc
449 2242 551 2332 redii,
569 2242 682 2319 celum
699 2242 909 2341 superosque
926 2240 1099 2342 relinqu03
1169 2262 1201 2320 55

191 2362 224 2432 A
240 2360 339 2461 Styge
356 2387 417 2432 nec
434 2357 530 2454 longe
548 2359 688 2433 Pontica
707 2358 806 2432 distat
821 2359 951 2433 humus.

145 2476 241 2548 Unde
253 2505 313 2573 ego
331 2478 360 2549 si
375 2477 442 2549 sato
460 2476 550 2549 nitor
565 2476 763 2576 prohibente
779 2477 917 2564 reverti,

193 2591 290 2690 Spem
307 2591 378 2664 siue
393 2589 560 2692 prosectu,
581 2588 746 2677 Maxime,
766 2589 844 2663 tolle
859 2591 950 2665 mihi.

143 2764 221 2813 oblita
229 2761 390 2826 qm'dabsit?
400 2759 495 2812 Metuo
511 2769 600 2812 tamen
614 2776 651 2812 ne
697 2761 853 2830 cogitatione
872 2760 964 2815 videor
979 2762 1065 2816 Roma
1083 2763 1111 2816 in
1129 2763 1199 2837 Sey-

144 2839 184 2890 vel
193 2838 230 2891 sie
243 2834 297 2888 bec
308 2835 367 2890 satis
382 2836 435 2888 siut
450 2835 561 2906 integra.
573 2837 609 2890 tl.
617 2863 651 2878 ·-
697 2838 780 2892 thiam
793 2839 897 2894 redisse.
910 2867 943 2881 ·-
954 2843 1083 2910 Relc‘aequo.
1098 2841 1199 2898 Videor

145 2918 247 2983 Ecquid
254 2917 337 2966 adhoc
346 2915 455 2967 Junian.
470 2912 522 2968 Sed
535 2913 650 2983 legerem
698 2915 852 2985 relinquere.

147 3009 205 3042 curn
222 3000 334 3058 quatuor
348 2990 464 3059 scriptis,
484 2992 595 3059 Ecquid,
605 2995 652 3045 nbi
729 2993 768 3045 55.
787 2996 815 3048 A
829 2996 911 3066 Styge.
928 2994 970 3048 Ab
986 2994 1081 3048 inseris.
1095 3024 1126 3036 -
1142 3000 1199 3052 Noa

146 3073 291 3119 autrecrias
302 3077 348 3120 etc.
361 3067 460 3119 Burtu.
470 3066 514 3121 Sic
525 3067 615 3120 nostri.
694 3076 768 3140 Ionsse
778 3075 864 3126 distat.
876 3075 936 3126 Non
951 3085 988 3127 est
1000 3075 1111 3127 multum
1124 3077 1198 3131 dissi-

179 3147 217 3210 ζα.
229 3147 320 3198 Νικὼ
332 3147 464 3212 quidcem
473 3146 649 3198 semitabesse
696 3146 771 3201 milis.
786 3148 869 3216 Quasi
886 3149 954 3202 dicat
969 3168 975 3201 :
993 3151 1093 3204 Videor
1107 3153 1138 3206 ad
1155 3154 1197 3210 in-

147 3227 201 3274 mei.
219 3223 298 3276 Sentit
311 3226 397 3275 abesse
415 3227 503 3276 salex
520 3220 649 3277 veteribus
695 3222 765 3277 feros
776 3225 930 3293 pervenisse.

148 3301 273 3371 plerisque
287 3312 313 3354 et
324 3302 424 3356 nostris.
730 3306 768 3372 57.
781 3305 860 3355 Uale.
868 3304 892 3355 A
901 3321 952 3371 qua
964 3313 1032 3355 terra
1040 3305 1197 3361 Pontica..-

180 3381 220 3448 46.
231 3384 309 3434 Etsi!
315 3382 490 3448 peqierr'quam
496 3398 648 3448 pmpepeua
695 3382 728 3435 δι’
739 3386 806 3434 attor
823 3385 915 3436 metti.
936 3379 964 3433 si
984 3399 1065 3435 conor
1084 3385 1195 3443 Romam

145 3466 224 3514 vides.
232 3463 283 3513 Per
289 3479 382 3512 murum
389 3459 492 3527 Regius.
500 3457 590 3511 Scribe
593 3478 650 3525 per·
696 3458 790 3512 redire.
803 3486 835 3497 -
848 3461 913 3511 Fato
919 3460 1071 3527 probibente.
1082 3462 1138 3520 Di'n
1151 3487 1198 3521 no-

138 3541 224 3607 jurum
234 3558 308 3607 quam
315 3556 392 3603 prope
399 3556 480 3603 pena.
495 3536 530 3587 Η.
695 3535 815 3590 lentibus.

179 3623 217 3688 49.
224 3621 301 3671 Hanc
312 3619 358 3668 ubi
360 3619 468 3680 perveni.
477 3615 537 3665 Hac
545 3629 576 3664 ex
586 3612 649 3665 seri-
729 3618 768 3670 58.
784 3618 854 3670 Tolle
862 3635 929 3683 spem
941 3619 1010 3670 mr'bi.
1023 3618 1117 3676 Adime
1129 3623 1195 3676 bane

149 3694 196 3761 ptis
207 3693 356 3748 nonnullis:
371 3701 460 3743 mente
472 3688 606 3742 nimirum.
695 3692 760 3746 mihi
781 3712 854 3762 spem
872 3693 1013 3760 redeundi,
1033 3697 1195 3752 ostendendo

183 3776 221 3823 50.
232 3766 652 3840 chueloqneatesruor.Sepesnor
696 3789 744 3839 per
759 3769 844 3823 literas
859 3789 914 3823 non
930 3789 1002 3840 posse
1017 3773 1089 3840 fieri,
1107 3785 1134 3825 ut
1148 3790 1196 3822 re-

150 3868 209 3902 cum
218 3849 339 3902 Politiani
349 3850 414 3902 libro
425 3847 529 3916 aliisque
539 3846 633 3900 multis.
696 3845 781 3899 deam.
797 3875 830 3887 -
847 3848 905 3901 Sine
915 3849 1035 3917 prosectu.
1053 3851 1120 3916 Quae
1139 3864 1197 3912 spes

184 3930 222 3994 54.
234 3929 307 3978 Deis.
321 3929 387 3979 Viris
398 3929 428 3981 Ρ.
440 3926 524 3980 Servii
534 3924 606 3978 liber.
696 3923 761 3978 nibil
773 3925 920 3995 proiectura
936 3941 974 3986 est
989 3950 996 3983 z
1015 3929 1109 3979 frustra
1122 3923 1193 3975 enim

184 4008 224 4058 55.
239 4006 336 4056 Iiursus
353 4007 397 4055 ubi
408 4007 456 4056 hnc
468 4005 539 4056 redii.
554 4002 590 4055 Il!
602 4006 650 4059 hec
696 4002 907 4077 reditumspeeo,
920 4007 1004 4061 sinon
1012 4017 1113 4071 possum
1122 3998 1195 4056 illum

149 4087 216 4140 redii
229 4104 260 4140 ex
278 4081 433 4137 Combiano.
447 4082 502 4136 Ubi
519 4092 607 4138 mente
623 4095 651 4138 et
697 4083 826 4154 consequi.
919 4120 922 4127 -
