2722 4702
144 353 206 424 ¹9⁰
246 332 248 337 ’
405 329 445 393 Ρ.
484 327 668 395 OVIDII
695 324 921 393 NASONIS

140 475 214 546 Jam
230 471 321 545 seror
336 467 372 541 in
390 495 535 569 pugnas,
553 483 587 539 et
604 463 753 538 noudum
770 493 893 538 cornua
908 462 1033 554 sumsi;

189 592 259 662 Nec
274 584 357 660 mihi
375 582 526 657 sumendi
544 608 640 654 causa
657 580 701 654 sit
717 579 783 654 ulla
801 579 907 655 velim.

144 705 261 780 Circus
276 700 382 774 adhuc
400 714 521 783 cessat3
537 695 662 797 spargit
678 712 788 769 umen
805 723 878 769 acer
894 722 1024 768 arensm

192 820 340 903 Taurus,
357 832 390 888 et
408 811 530 886 infesto
545 813 611 911 jam
624 811 709 914 pede
725 810 835 913 pulset
848 811 997 885 humum.
1129 826 1132 831 '
1175 836 1210 889 3ο

143 935 219 1007 Hoc
234 961 385 1033 quoque,
399 959 497 1032 quam
510 927 616 1018 volui,
629 926 707 1030 plus
721 946 772 1003 est
782 959 790 1002 :
801 957 894 1015 cane,
907 929 1024 1016 Musa,
1038 943 1209 1030 receptus,

192 1051 284 1122 Dum
299 1047 376 1121 licet
388 1047 466 1120 huic
479 1073 600 1120 nomen
617 1042 822 1120 dissimulare
839 1072 944 1119 suum.

178 1225 218 1275 ²7·
231 1206 381 1258 Etnondnrn
391 1222 485 1256 cornua
494 1206 581 1255 sutori.
589 1204 654 1255 Nec·
701 1198 1031 1265 suerius-spargittam
1041 1214 1100 1251 acer
1104 1216 1214 1253 mm

143 1286 205 1336 dnm
214 1286 377 1335 mr'br'comua
385 1281 462 1351 prim.
471 1279 553 1334 Vetic.
565 1290 593 1333 et
601 1290 654 1334 tres
707 1281 812 1331 Taurus.
819 1277 921 1330 Tamen
928 1294 982 1328 sese
992 1274 1213 1344 teurnspsulstim

145 1360 205 1424 atii,
217 1381 255 1430 pr.
267 1360 342 1413 Polit
355 1370 381 1413 et
393 1358 446 1411 duo
458 1359 566 1411 nondum
578 1360 654 1422 mihr',·
703 1357 735 1411 sd
748 1375 863 1428 pugnarn
875 1353 992 1409 accendit
1002 1375 1009 1408 ε
1019 1346 1109 1425 quilius
1120 1355 1214 1411 verbis

146 1438 224 1508 prim.
237 1436 319 1491 Palat.
329 1445 355 1489 et
363 1456 412 1488 aon
423 1437 492 1487 mibi.
500 1435 655 1487 H.-Non-
703 1435 811 1489 inimico
822 1434 894 1488 idem
904 1434 1022 1487 minatur
1030 1453 1057 1487 se
1068 1433 1164 1487 secere.
1177 1464 1214 1478 -

148 1517 212 1570 dum
231 1516 310 1569 sumsi
327 1515 456 1569 calamum
476 1524 502 1567 et
519 1513 651 1580 chartam,
702 1510 1215 1582 Spargitl'antomusprimvaticprirn.

149 1594 241 1663 quibus
250 1603 275 1646 te
285 1604 385 1662 petam,
396 1591 555 1645 utcornibus
566 1601 667 1644 taurus·
704 1590 785 1645 Palas.
794 1601 821 1644 et
834 1600 885 1644 tres
897 1590 947 1643 alii.
959 1590 994 1644 H.

148 1671 217 1724 ferus
229 1671 255 1723 in
269 1689 348 1723 arena
363 1688 453 1723 secum
467 1668 655 1737 depugnantes.
736 1668 777 1720 31.
792 1670 872 1728 cane,
887 1670 980 1729 Musa,
996 1686 1113 1722 recessus.
1126 1668 1216 1725 Prim.

182 1767 221 1819 sp
235 1750 321 1801 Circus
332 1750 415 1799 adhuc
426 1755 515 1799 cessat.
528 1745 655 1798 Nondum
704 1743 823 1796 Vatican.
834 1743 911 1813 prim.
924 1745 1006 1799 Pelet.
1018 1754 1045 1798 ct
1056 1755 1155 1814 septen
1167 1746 1215 1801 alii

88 1811 93 1826 ⁸
149 1836 239 1878 taurus
255 1825 282 1876 in
305 1822 383 1876 Circo
402 1824 527 1876 irritatur.
547 1822 655 1893 Effigies
703 1842 764 1877 cum
772 1824 861 1893 primis
869 1824 1028 1879 editionibus
1037 1825 1215 1892 κωμωδε-

143 1902 223 1956 enim
231 1900 369 1954 hominum
378 1903 487 1954 exfoeno
496 1911 566 1955 veste
577 1901 656 1954 rubra
704 1922 746 1956 ne.
760 1904 974 1973 H.-Receptus,
986 1924 1034 1959 scu
1045 1904 1216 1974 receptuim-

149 1989 287 2048 cooperto‚
299 1979 495 2049 tierisolebnnt,
507 1979 657 2050 quihusob·
704 2001 768 2036 nere
789 1981 921 2048 dicimus,
945 2001 1028 2052 quum
1049 1982 1120 2043 subn
1138 1983 1215 2054 signo

150 2057 223 2126 jectis
241 2057 273 2110 ad
292 2057 468 2126 spectaculum
485 2057 657 2126 praebcndurn
706 2059 833 2114 exercitus
845 2081 860 2114 e
874 2059 963 2130 praelio
974 2071 1118 2113 revocatur.

151 2134 219 2185 tauri
232 2133 406 2188 irritarentur.
424 2135 518 2188 Postea
533 2135 568 2187 ita
585 2135 657 2188 luxus
739 2138 779 2191 32.
792 2140 861 2191 Duru
872 2142 933 2192 licet
941 2140 1005 2191 duic.
1018 2137 1078 2190 Non
1090 2136 1217 2194 tredendo

151 2210 274 2279 inolevit,
292 2223 321 2265 ut
336 2211 475 2268 Phoeniciis
489 2213 603 2268 vestibus
619 2212 658 2268 usi
709 2233 753 2268 me
767 2215 883 2270 ulterius.

528 2511 765 2596 ELEGIA
791 2515 841 2597 X.

486 2826 888 2897 ARGUMENTUM.

156 2994 305 3051 Posteritsti
317 2990 481 3048 consulturus
493 3032 500 3056 ,
513 2990 623 3060 patriam
638 3010 730 3060 suam,
747 3012 897 3065 genusque,
909 3005 935 3048 et
948 2994 1008 3050 vise
1019 3005 1152 3052 transactis
1163 2996 1221 3054 tais

190 3078 311 3132 describit
331 3077 418 3138 Naso;
437 3073 515 3128 etad
534 3072 612 3127 exsilii
626 3073 666 3126 sui
685 3083 804 3144 tempora
821 3075 954 3147 delapsus,
975 3077 1143 3133 incommoda
1160 3079 1222 3148 ejus

189 3164 330 3218 Musarum
342 3159 435 3216 auxilio
446 3178 502 3212 sese
513 3158 596 3211 lenire
607 3156 690 3210 docet.

159 3294 266 3395 ILLE
282 3351 362 3416 ego,
382 3322 440 3421 qui
456 3318 592 3407 fuerim,
608 3336 793 3392 tenerorum
809 3317 900 3392 lusor
917 3347 1081 3404 amorum,

206 3439 316 3533 Quem
332 3436 430 3531 legis,
449 3455 489 3513 ut
502 3438 611 3526 noris,
629 3435 756 3536 accipe,
777 3436 960 3537 posteritas.

160 3549 274 3623 Sulmo
292 3549 373 3622 mihi
391 3548 497 3647 patria
515 3569 581 3641 est,
600 3548 714 3648 gelidis
731 3550 913 3625 uberrimus
929 3548 1044 3635 undis,

209 3665 316 3742 Miltia
333 3665 389 3768 qui
403 3664 517 3739 novies
531 3666 631 3742 distat
647 3668 689 3740 ab
704 3668 786 3743 urbe
803 3668 930 3742 decem:

192 3841 215 3876 ι.
231 3823 344 3890 Illeqo,
359 3826 405 3890 qui
405 3820 515 3889 surm.
522 3820 621 3876 Fuerint
626 3842 665 3893 pr.
746 3827 770 3891 4.
785 3827 871 3879 milia
880 3827 1015 3894 Μυσία
1026 3827 1107 3878 distat
1115 3829 1149 3878 ab
1160 3829 1223 3878 urbe

160 3897 246 3952 Valde·
258 3909 284 3952 0!
297 3898 417 3961 “estffit
431 3897 519 3967 probe.
532 3898 568 3951 H.
711 3906 803 3956 decem.
817 3904 956 3973 Perspicue
969 3924 999 3958 ex
1011 3904 1061 3958 hoc
1078 3905 1134 3958 loco
1146 3914 1222 3971 patet

194 3982 217 4035 3.
235 3980 317 4034 &loro
333 3980 397 4031 niti
405 3981 491 4046 patn'e
510 3983 555 4031 est.
574 3975 666 4031 Sulmo
711 3981 831 4035 breviora
838 3982 971 4051 milliaria,
981 4003 1059 4054 quarn
1069 3999 1137 4035 nunc
1143 3989 1220 4044 sunt,

161 4057 287 4130 oppidum
296 4054 348 4110 suit
360 4055 473 4127 Peligna
485 4055 605 4127 regionis.
632 4096 635 4102 -
712 4055 854 4125 antiquitus
871 4059 958 4116 [uisse.
974 4060 1127 4117 Sulmonem
1142 4052 1219 4108 enirn
