2722 4702
145 350 212 436 l1l

424 344 463 408 P.
489 339 667 409 OVIDII
693 336 917 407 NASONIS

143 489 215 575 Nil,
235 487 317 570 nisi,
334 510 406 567 me,
427 499 512 555 terra
527 480 617 553 huar
635 496 674 552 ut
686 479 867 579 propiore,
886 507 1025 575 rogare;

192 608 258 689 Et,
277 629 373 702 quam
391 599 452 672 sim
471 598 572 671 denso
591 597 717 670 cinctus
735 595 777 670 ab
793 597 908 685 hoste,
928 598 1032 698 queri.

146 723 178 794 Ο
198 729 296 818 q'uam
313 716 352 790 de
368 712 482 788 multis
499 713 615 789 vitium
630 710 882 811 reprehenditur
895 712 1019 785 unum!
1187 737 1202 789 5

192 834 268 905 lloc
284 845 396 930 peccat
414 825 521 901 solum
540 826 568 900 si
584 853 656 899 mea
673 826 788 912 Musa,
803 824 887 899 bene
906 844 965 899 est.

145 952 221 1048 lpse
238 975 299 1041 ego
318 943 478 1017 librorum
495 941 589 1015 video
606 940 722 1014 delicto
741 970 905 1028 meorum,

194 1064 308 1158 Quum
327 1089 387 1134 sua
402 1057 478 1159 plus
493 1059 584 1157 justo
601 1058 742 1132 carmina
761 1058 1050 1159 quisqueprobet.

146 1181 273 1253 Auctor
289 1204 375 1277 opus
390 1173 525 1248 laudat:
541 1174 588 1247 sic
605 1173 887 1269 forsitanthgrius
903 1173 983 1248 olim

193 1292 368 1367 Thersiten
384 1289 464 1364 facie
480 1289 600 1363 dixerit
618 1316 687 1364 esse
703 1289 802 1362 bona.

146 1412 313 1487 ludicium
333 1427 440 1483 tamen
456 1407 511 1480 hic
527 1425 679 1481 nostrum
698 1436 766 1479 uon
785 1405 907 1506 decipit
920 1433 1030 1494 error;

195 1532 282 1612 Nec,
302 1524 464 1626 quidquid
482 1525 597 1618 genui,
614 1523 767 1622 protinus
785 1519 867 1594 illud
884 1551 968 1596 amo.

110 1655 117 1666 ’
149 1646 217 1716 Cur
231 1641 353 1735 igitur,
371 1641 399 1712 si
415 1668 466 1712 me
481 1640 607 1712 videam
624 1638 831 1737 delinquere,
851 1639 1005 1738 peccem?

195 1756 241 1826 Et
256 1752 361 1851 patiar
378 1751 501 1851 scripto
519 1751 641 1824 crimen
660 1752 790 1825 inesse?
807 1780 915 1848 rogas.

147 1871 224 1941 Non
241 1866 351 1939 eadem
368 1865 453 1939 ratio
471 1884 540 1954 est,
557 1869 678 1941 sentire
697 1886 729 1940 et
744 1870 872 1944 demere
888 1869 1047 1945 morbos:
1175 1890 1201 1942 ι5

195 1984 319 2056 Sensus
336 1982 422 2055 inest
440 1984 585 2070 cunctis3
604 1981 732 2057 tollitur
748 2003 815 2059 arte
832 1983 964 2059 malum.
1034 2030 1035 2034 =

147 2101 239 2201 Saepe
255 2098 391 2201 aliquod
407 2100 543 2199 cupiens
559 2102 694 2175 verbum
709 2121 851 2188 mutare,
868 2101 1039 2203 reliuquo;

194 2214 363 2288 ludicium
378 2215 462 2306 vires
478 2213 727 2316 destituuntque
744 2245 859 2290 meum.

147 2331 240 2431 Saepe
257 2331 363 2429 piget,
384 2329 464 2429 quid
481 2330 567 2405 enim
585 2330 732 2406 dubitem
749 2332 810 2404 tihi
829 2361 903 2404 vera
915 2332 1037 2404 lateri?

180 2522 203 2572 3.
214 2522 337 2584 propiore.
351 2521 456 2571 Meliore
470 2519 546 2573 Polit.
556 2524 652 2585 potiore

146 2599 227 2654 MSS.
240 2599 340 2651 Bcrsm.
353 2600 469 2664 Propiore
481 2598 570 2652 nostri.

180 2681 203 2745 4.
224 2679 326 2729 cincius
342 2679 375 2726 ab
392 2679 462 2728 horle
481 2681 555 2743 loqui.
578 2678 656 2740 (lucri

146 2756 242 2808 rectius
253 2752 382 2805 nonnulli.
397 2754 497 2804 Herus.

179 2836 201 2884 5.
213 2835 306 2885 Vitium
314 2833 499 2895 rcpreheudr'lur.
509 2833 650 2898 Reprehen-

147 2912 215 2962 deris
228 2907 348 2963 Politian.

180 3008 202 3056 7.
216 2989 293 3039 Video
305 2987 404 3038 delr'cta.
414 2984 502 3051 Video
515 2985 600 3054 plures
612 3006 652 3039 er·

146 3086 228 3132 rores,
239 3082 316 3133 quom
323 3083 408 3116 unum
415 3062 485 3116 illud.
499 3067 562 3116 Vidi
566 3063 651 3133 pred.

180 3168 203 3218 9.
213 3146 255 3198 Sic
256 3144 370 3210 forsitan
381 3145 549 3196 Acerusolirrr.
556 3145 653 3211 Agrius

149 3223 290 3295 legendum
300 3224 354 3291 jam
366 3222 470 3274 monuit
480 3221 507 3273 iu
514 3223 588 3274 novis
600 3222 652 3276 lie·

145 3304 274 3359 ctionibus
284 3301 437 3357 Guilielmus
452 3299 596 3364 canterus,
609 3300 651 3353 lib.

149 3381 193 3448 11,
206 3399 260 3448 cap.
273 3397 340 3441 xxx;
350 3379 369 3430 is
381 3377 453 3431 enim
461 3376 588 3429 Thersite
599 3396 651 3445 pa-

147 3466 195 3508 ler:
204 3477 282 3525 quarn
290 3457 429 3509 lectionem
437 3456 651 3508 Vaticanusuuus

146 3535 293 3588 coufirmat.
314 3534 413 3585 Mureti
436 3533 516 3585 codex
536 3535 650 3597 Aenum

147 3609 210 3662 alius
218 3615 309 3664 Alcius
316 3628 324 3660 .’
333 3629 393 3662 mor
400 3612 492 3663 dixerit
497 3629 545 3677 pro
553 3617 652 3666 dixerat

146 3683 651 3742 meliorem-MerulaAcciuminiet-

148 3764 218 3834 ligii,
232 3762 327 3832 dequo
343 3764 414 3818 Pers.
427 3763 479 3818 Sat
489 3766 516 3829 l,
527 3784 592 3818 vers.
605 3770 650 3819 50:

150 3867 163 3891 a
175 3861 231 3896 non
243 3852 281 3894 est
293 3841 335 3894 hic
347 3842 405 3896 llias
417 3843 479 3897 Acci
492 3844 570 3898 Ebria
579 3864 650 3899 ren·

148 3930 204 3983 tro;
218 3941 231 3965 »
242 3917 286 3972 sed
295 3917 330 3969 ibi
339 3918 509 3988 Artilegitur‚
521 3921 590 3974 etde
603 3940 650 3974 re-

147 3997 218 4051 oenti
226 4005 311 4068 poeta,
327 3995 371 4064 qui
385 3995 467 4050 Persii
478 4007 595 4065 tempore
607 3998 650 4052 vi-

149 4077 236 4142 vebat,
248 4075 286 4145 agi
295 4072 410 4129 ostendit
419 4068 596 4128 casaubonus.

735 2540 770 2571 ri.
784 2520 841 2570 Non
853 2523 948 2586 decicit
955 2528 1063 2572 nostrum
1069 2520 1200 2585 judr'ce'm.

701 2599 760 2651 Non
768 2595 832 2647 sattte
842 2614 931 2648 meum
942 2597 1075 2665 judicium,
1089 2596 1201 2665 quodest

700 2676 732 2726 de
741 2674 898 2725 carminibus
908 2676 979 2728 meis.
990 2676 1070 2727 Error
1082 2674 1152 2726 enim
1163 2676 1202 2739 ju·

701 2750 797 2805 dicium
812 2762 931 2804 nostrum
951 2753 1029 2817 lullit,
1042 2770 1121 2820 quum
1135 2751 1203 2802 mala

700 2841 788 2883 nostra
797 2830 911 2882 carmina
921 2832 991 2882 hona
1000 2851 1054 2884 esse
1063 2829 1201 2895 credimus,

700 2912 767 2963 etsie
779 2928 903 2963 ermenus.

737 2989 772 3040 13,
792 2990 842 3040 Cur
851 2993 940 3056 ipilur.
956 2993 1031 3040 sime
1044 2991 1117 3041 vriieo
1127 2991 1197 3040 delir-

699 3084 778 3132 quere.
793 3068 897 3117 Videam
909 3064 998 3133 prisrae
1006 3066 1136 3119 editiones
1144 3079 1198 3116 cum

699 3143 798 3211 scriptis
809 3141 950 3208 nonnullis,
957 3154 982 3195 et
991 3155 1057 3196 nost.
1065 3144 1198 3197 codicibus

735 3226 773 3275 15.
789 3225 882 3276 Serrlr're
891 3235 918 3275 et
927 3225 1022 3276 demere
1033 3228 1140 3276 morbos.
1150 3220 1199 3274 Co-

700 3301 1200 3371 gnoscereeteurareinlirmitates.lloc

699 3387 753 3444 est,
768 3397 823 3430 non
838 3397 941 3446 possum
952 3398 1070 3432 errorem
1084 3379 1202 3444 corrige-

699 3475 742 3510 re:
752 3456 830 3525 «quia
838 3454 1046 3510 carmiualaeturu
1051 3456 1199 3519 Surruptus,

699 3546 726 3589 et
738 3554 827 3604 pacem
843 3535 937 3587 mentis
951 3535 1043 3587 habere
1056 3530 1155 3583 volunt.
1170 3554 1185 3577 u

737 3614 772 3665 15.
792 3615 897 3665 Tollitur
910 3612 1073 3664 artensium.
1099 3608 1199 3662 Vitium

699 3689 821 3744 carminis
834 3708 886 3742 nou
899 3688 996 3756 indiget
1005 3682 1094 3738 solum
1105 3698 1136 3740 ut
1150 3688 1200 3740 de·

699 3767 884 3838 prehendatur,
893 3765 937 3818 sed
946 3774 1000 3816 arte
1012 3775 1136 3833 opuscul,
1146 3783 1198 3833 que

699 3866 752 3900 non
767 3856 849 3916 potest
860 3844 908 3898 uisi
923 3862 936 3894 a
949 3841 1009 3897 laeto
1019 3843 1110 3897 animo
1122 3842 1198 3912 proli·

698 3942 765 3976 cisci.

735 4019 771 4067 ¹7·
788 4001 919 4067 llelirrpuo.
930 3997 1195 4052 Omittoseilinetrer

697 4075 762 4128 bum
773 4076 930 4136 mutandum
950 4077 976 4130 iu
992 4078 1105 4131 emanire
1119 4090 1179 4124 meo
1188 4094 1196 4136 i
