2722 4702
144 328 209 396 330
414 324 452 387 P.
486 321 668 390 ovtuu
699 317 928 386 NASONIS

144 469 189 539 Et
204 464 287 535 bene
305 460 353 533 uti
371 489 514 563 pugnes,
530 461 614 533 bene
631 487 781 559 pugnans
797 457 896 532 efficit
913 457 1029 534 hostis.

193 583 247 653 sn·
265 579 376 652 uadem
397 579 530 680 prodest
547 605 658 662 rausa,
674 593 834 675 nocetque
850 575 942 648 mihi.

145 697 276 771 Scilicet
295 698 484 790 indignum,
500 695 624 792 juvenis
642 692 823 777 rarissime,
844 691 938 768 (lucis
1171 717 1201 767 ss

193 816 240 886 Te
256 813 492 886 lieriroruitem
510 811 628 883 stantis
643 811 677 882 iu
697 810 777 882 orbe
794 810 880 882 Deae.

146 927 276 1001 Firmus
294 956 346 1001 es:
366 945 416 1011 et,
436 926 588 1026 quoniam
606 954 676 998 nou
690 943 773 1020 ,suut
790 953 825 999 ea
844 922 951 1026 qualia
965 921 1084 1014 velles,

196 1040 275 1114 Vela
295 1043 381 1136 regis
398 1068 525 1140 quassae
540 1035 790 1139 quilianumque
804 1039 892 1112 ratis.

147 1156 295 1255 Quaeque
313 1157 359 1230 ita
376 1182 531 1229 concussa
548 1172 618 1239 est,
635 1173 671 1227 ut
686 1155 751 1253 jam
771 1180 883 1227 casura
899 1168 1055 1253 putetur,

197 1269 312 1343 Restat
327 1268 435 1341 adhuc
453 1268 598 1342 humeris
616 1266 696 1342 tutu
714 1266 808 1341 ruina
825 1265 900 1340 tuis.
1172 1288 1207 1340 συ

146 1385 199 1456 Ira
219 1384 352 1483 quidem
372 1384 479 1485 primo
495 1385 601 1458 suerat
620 1402 674 1457 tua
689 1383 798 1481 justu,
815 1411 875 1455 uec
889 1381 965 1484 ipso

195 1499 334 1584 Leuior,
352 1498 500 1572 offensus
517 1499 574 1598 qui
592 1499 671 1572 mihi
685 1493 858 1595 jure-fuit:
904 1579 907 1584 .

148 1612 285 1713 Quique
302 1613 398 1686 dolor
413 1632 528 1713 pectus
546 1613 707 1709 tetigisset
725 1613 861 1687 Caesaris
876 1612 950 1703 alti,

197 1726 294 1800 Illum
311 1728 445 1827 jurabas
461 1729 614 1829 protinus
631 1755 702 1804 esse
721 1747 837 1802 tuum:

128 1846 192 1916 Ut
210 1861 316 1917 tamen
332 1844 443 1919 audita
459 1863 510 1919 est
525 1863 646 1920 nostrae
665 1845 725 1919 tibi
743 1844 844 1919 cladis
863 1846 979 1942 origo,
1172 1864 1205 1914 ut

121 1960 322 2037 ¹·'·Diceris
341 1963 457 2037 erratis
473 1962 672 2059 ingemuisse
688 1962 779 2036 meis

145 2046 233 2155 Turn
251 2097 308 2154 tua
324 2109 376 2156 me
394 2083 540 2183 primum
557 2081 656 2157 solari
673 2079 766 2153 litera
784 2078 902 2178 coepit,

147 2236 297 2325 Sarraviait.
305 2272 415 2341 Argunt.
426 2283 453 2327 et
465 2283 516 2325 tres
528 2271 587 2337 aln
599 2272 652 2324 duo
700 2269 831 2339 subposita
849 2266 929 2320 veluti
941 2263 1032 2329 trabe
1052 2262 1119 2316 [ulta
1132 2263 1208 2316 ruina

147 2350 229 2414 qaod5
246 2359 325 2402 recte
337 2349 440 2405 flatus.
574 2356 577 2363 ’
701 2358 783 2408 esu»
771 2356 876 2413 atque
888 2363 919 2396 ea
933 2341 1010 2395 leena
1023 2359 1139 2409 priorem
1152 2339 1208 2393 edr-

181 2425 220 2477 53.
234 2427 340 2476 Bibere
350 2430 501 2493 utipagrres.
516 2426 653 2477 [liberata
701 2423 801 2475 tionem
815 2439 901 2473 meam
917 2421 970 2487 jam
983 2428 1144 2487 occuparat:
1160 2426 1206 2469 ta-

142 2519 238 2567 pugnes
246 2500 312 2561 duo
323 2501 359 2551 Er
367 2502 463 2552 benaia
468 2518 564 2569 mm
577 2510 635 2553 tres.
701 2520 763 2554 rnen
777 2499 840 2554 alius
854 2517 911 2550 earn
926 2500 973 2552 sibi
988 2509 1076 2568 postea
1091 2496 1209 2550 vindita-

180 2579 221 2642 54.
238 2579 280 2629 Sec
292 2579 379 2629 eadem
387 2579 491 2641 prodest
504 2595 590 2631 caasa
608 2577 656 2631 S'ut
700 2579 755 2644 rit·
770 2577 863 2628 Lucan
874 2573 917 2629 titi
929 2576 1016 2633 Vlll·
1024 2574 1104 2655 a'l'u,
1119 2573 1206 2627 Ptole·

147 2654 240 2707 eadem
260 2673 334 2709 causa
358 2651 462 2723 prodest
483 2650 571 2718 milri,
592 2653 653 2723 quia
701 2614 1183 2722 mainporeslttagnttutsrtnninam.
1191 2668 1209 2698 ι·

148 2731 214 2784 mihi
236 2731 363 2785 succurris
387 2728 580 2795 defendendo,
605 2749 653 2785 nec
700 2737 735 2791 sic
749 2738 837 2786 carina
856 2752 904 2804 pro
921 2741 1012 2799 rapina
1027 2726 1208 2799 uunrbssitur

148 2821 272 2882 tanquam
282 2811 363 2865 rictus
372 2809 532 2875 medanta,
545 2810 589 2863 sed
599 2831 652 2864 rna·
702 2832 838 2884 perperam
852 2814 877 2866 in
889 2813 976 2882 Elegia
989 2813 1021 2867 de
1032 2813 1102 2866 obitu
1112 2809 1208 2862 Mm-

74 2934 77 2939 .
147 2889 185 2958 gis
199 2888 332 2942 reluctaris
346 2900 371 2942 et
384 2889 419 2942 illi
433 2891 654 2957 repugnas-No·
702 2895 768 2947 naris
780 2895 849 2946 inter
859 2891 990 2944 Cataterra
999 2888 1155 2961 &attigerim
1167 2889 1209 2941 lr-

147 2977 188 3019 ce!
198 2987 261 3020 vera.
279 2966 351 3034 Quia
367 2967 408 3020 illa
424 2965 488 3020 mibi
503 2965 653 3021 adversatur
700 2970 806 3040 religata
821 2972 882 3022 ratis
899 2988 1034 3037 nunquam
1053 2967 1154 3021 defessa
1167 2985 1209 3018 ra·

148 3055 175 3097 et
184 3056 304 3114 superat,
317 3055 440 3114 tenetque
453 3045 479 3097 in
492 3044 587 3098 exsilio.
700 3050 907 3120 pina‚lt,rrditin
915 3058 1109 3114 vastossernper
1117 3055 1209 3099 onusta

181 3129 220 3179 55.
241 3127 347 3179 inseret
365 3130 499 3178 rarissime.
520 3128 654 3179 Carasr'me
701 3129 812 3186 larun»
830 3129 886 3179 Val.
896 3127 976 3181 Flarc.
988 3125 1029 3177 lib
1041 3125 1136 3178 Vll:·‹
1149 3125 1209 3178 ratis

149 3201 266 3272 plerique
285 3214 402 3267 reteres;
421 3214 521 3272 septem
533 3205 654 3270 liciarum
700 3205 815 3259 infandis
828 3225 892 3274 quos
904 3205 955 3258 sola
970 3201 1093 3270 rapinis
1080 3202 1207 3273 δειιιιιιιι

148 3284 294 3343 carr'ssirrra,·
307 3281 398 3351 Lege
378 3299 499 3348 Juvenum
510 3300 652 3342 rarissime
702 3285 779 3355 pasrrt
790 3285 913 3356 hyems
902 3282 1112 3334 »ht-Fabium
1127 3281 1208 3349 tangit

148 3355 190 3409 vet
205 3376 265 3409 curn
280 3357 402 3412 Politiani
420 3359 507 3413 codice
517 3361 654 3427 ,jarem
703 3364 839 3416 haernota:
852 3361 901 3414 vid.
910 3360 990 3428 Epist
1000 3359 1203 3418 adSarravium,

149 3436 294 3490 clarissime.
311 3438 411 3490 Huius
703 3440 771 3494 tib.l
781 3441 851 3507 ,.Ep
863 3443 901 3504 4ο.

183 3511 222 3562 56.
234 3515 296 3565 Deae
306 3521 427 3566 stantis
413 3536 440 3568 ιιι
453 3518 518 3568 arbe.
531 3517 655 3569 Fortuna
733 3519 774 3571 ὃι.
790 3519 842 3570 Tua
847 3517 928 3582 justa
946 3509 1192 3581 rrirlmatuntan.

150 3589 317 3657 superposita
336 3591 450 3644 rotundo
465 3591 544 3660 lapidi
557 3613 563 3655 ς
585 3612 656 3661 quo-
737 3595 777 3648 63.
794 3596 966 3647 Casarisatri.
976 3591 1016 3646 Ad
1026 3585 1206 3652 altitudinem,

149 3665 220 3720 uiam
232 3667 357 3721 instabilia
368 3680 430 3722 sunt
442 3670 497 3737 ejus
512 3689 630 3724 munera
703 3693 748 3726 seu
765 3673 895 3739 fastigium
915 3668 1016 3741 imperii
1034 3666 1208 3720 referendum

184 3746 595 3812 57.Naasanthaa.Norsaaeiea
603 3768 655 3802 me·
703 3764 750 3805 est.
766 3753 853 3805 Ponr.

151 3824 234 3878 liores.
247 3823 347 3877 Hans.
734 3830 774 3897 67.
790 3831 843 3882 Tan
852 3833 932 3882 litera.
939 3828 998 3881 Tua
1009 3823 1122 3895 epistola.
1133 3824 1209 3877 Man.

182 3904 223 3957 60.
235 3902 656 3968 Hamnssulracariaaam's.1tai
702 3910 810 3959 -Tunc
822 3919 867 3960 tua
877 3927 914 3959 ure
921 3911 1035 3972 prrirruu.
1051 3906 1111 3959 Nou
1125 3913 1207 3955 antea·

149 4002 183 4033 aa
194 3985 261 4037 bene
271 3983 374 4037 Sarrar.
383 3984 493 4052 Argunt.
505 3996 532 4038 et
541 4006 585 4039 sex
597 3985 655 4047 attis
706 3984 780 4054 Quid
797 3987 868 4038 enirn
881 3986 1025 4050 solaretur,
1040 4002 1121 4051 quern
1136 3995 1205 4030 ιιοιι·

150 4071 179 4114 ut
190 4062 217 4115 iu
225 4063 268 4117 illo
279 4060 347 4133 apud
357 4071 478 4116 nostrum
489 4080 518 4114 ιι
530 4062 570 4114 Te
583 4080 654 4126 mea,
704 4061 768 4116 duru
780 4074 883 4118 sontem
896 4061 1072 4132 ramperisaet.
1085 4058 1161 4111 Mn-
