2722 4702
238 304 305 369 nx
329 301 508 369 nonno
531 302 630 368 mn.
656 301 725 368 ιν.
752 300 913 369 nrrsr.
937 305 1042 371 xrv.
1108 305 1169 398 471

111 444 264 517 Gramina
279 443 387 518 cultus
405 466 501 539 ager,
519 443 625 538 frigus
640 441 749 515 minus
768 442 840 516 odit
854 444 1017 532 hirundo,

161 558 313 631 Proxima
332 557 516 642 Marticolis
531 587 627 657 qnam
645 557 719 630 loca
734 560 823 630 Naso
844 560 945 635 Getis
1108 651 1111 657 ‚

108 670 202 746 Talia
219 691 411 747 succensent
428 690 567 774 propter
583 672 665 745 milri
682 673 782 746 rerba
797 674 957 764 Tomitae,
1144 698 1173 750 ιε

158 789 277 888 Iraque
294 790 494 864 carminibus
510 786 643 888 publica
658 805 750 861 mota
764 790 856 862 meis.

107 904 198 997 Ergo
214 931 275 997 ego
292 904 427 978 cessabo
444 931 612 1001 nunquam
625 930 685 1001 per
702 903 845 977 carmina
862 903 951 991 loedi;

156 1019 284 1095 Plectar
300 1039 333 1095 et
349 1021 480 1093 incauto
496 1046 624 1118 semper
641 1018 682 1091 ab
700 1018 861 1113 ingenio?

107 1136 199 1228 Ergo
216 1162 293 1229 ego,
308 1164 350 1208 ne
367 1134 526 1221 scribam,
542 1133 665 1228 digitos
680 1133 822 1208 incidere
839 1151 999 1221 cunctor,

156 1248 301 1347 Telaque
318 1248 425 1321 adhuc
441 1248 590 1334 demens,
608 1275 680 1346 qua
698 1276 863 1336 nocuere,
874 1249 1018 1349 serpant?
1137 1283 1170 1318 20

108 1359 161 1434 Ad
177 1381 300 1437 veteres
317 1363 472 1464 scopulos
487 1365 605 1436 iterum
621 1361 791 1450 devertor,
808 1364 849 1437 ad
859 1363 958 1452 illae,

154 1478 195 1549 ln
212 1478 335 1578 quibus
350 1478 490 1552 offendit
505 1475 820 1578 muliagapnppis,
832 1506 944 1578 aquas.

109 1592 173 1668 Sed
189 1590 272 1667 nihil
289 1593 407 1667 admisi
418 1625 428 1679 ς
440 1591 532 1664 nulla
550 1609 600 1664 est
614 1619 687 1664 mea
703 1591 817 1693 eulpa,
833 1594 990 1680 'lomitae,
1085 1635 1088 1639 ·

158 1707 257 1802 Quos
274 1735 356 1802 ego,
375 1735 478 1806 quum
493 1705 566 1778 loca
582 1705 644 1778 sim
661 1714 769 1780 restra
784 1735 942 1807 perosus,
958 1737 1043 1783 amo.

109 1821 264 1917 Quilibet
281 1823 422 1896 excutiat
438 1821 547 1894 nostri
561 1820 942 1910 mouumentalaltoris‚
1136 1844 1170 1898 25

158 1938 267 2010 Litera
286 1937 325 2009 de
342 1936 439 2009 vobis
456 1954 505 2010 est
519 1964 592 2009 mea
608 1953 723 2035 questa
737 1935 834 2008 nihil.

109 2050 245 2145 Frigus,
264 2067 295 2121 et
311 2048 462 2123 incursus
478 2049 570 2122 omni
586 2048 626 2121 de
643 2065 736 2147 parte
753 2047 935 2149 timendos,

155 2164 201 2237 Et
217 2165 307 2264 quod
323 2163 474 2264 pulsetur
489 2192 603 2237 murus
618 2163 660 2237 ab
676 2164 792 2248 hoste,
810 2189 939 2261 qrreror.
1124 2250 1129 2257 .
1149 2190 1158 2227 ι

107 2281 147 2352 ln
165 2278 250 2367 loca,
269 2307 337 2351 uon
354 2279 524 2368 homines,
543 2278 709 2353 verissima
726 2276 859 2351 crimina
874 2277 962 2350 dixi:
1123 2282 1126 2287 ’

156 2395 308 2496 Culpatis
323 2413 467 2469 restrum
482 2423 542 2469 vos
559 2422 693 2495 qnoque
711 2420 796 2494 sape
812 2392 931 2468 solum.
993 2462 998 2471 ,
1138 2417 1172 2468 au
1210 2445 1211 2448 κ

31 2602 46 2625 ὦ
107 2513 205 2586 Esset
221 2529 383 2616 perpetuo
399 2538 457 2585 sua
477 2536 576 2611 quam
592 2508 737 2584 vitabilis
751 2511 873 2596 Ascra,

120 2693 125 2705 ,
155 2626 245 2700 Ausa
259 2623 475 2723 estagnicolae
489 2616 590 2723 Mina
604 2623 721 2701 meere
733 2624 835 2703 uenis·
855 2692 858 2699 .

107 2742 154 2819 At
167 2734 275 2817 tuerat
289 2760 376 2817 terra
393 2739 542 2838 genituri,
562 2742 619 2843 qni
634 2740 784 2842 scripsit,
797 2739 836 2812 in·
846 2737 902 2811 illa
917 2770 925 2825 ;

154 2859 320 2933 Intumuit
336 2859 402 2932 vati
418 2887 479 2932 nec
498 2875 606 2933 tamen
621 2859 725 2933 Ascra
741 2886 814 2931 suo.

144 3027 180 3078 13.
191 3030 321 3080 asama
328 3026 432 3081 Herba·
442 3027 494 3081 scil.
501 3026 613 3085 inutiles.
662 3027 773 3080 obnoxia
788 3036 827 3079 cst
838 3023 955 3092 undique
968 3023 1110 3078 Tomitana
1124 3025 1168 3077 ci·

143 3103 180 3154 ιδ.
191 3104 299 3155 Publica
309 3111 384 3157 arou.
396 3103 475 3156 Parta
483 3121 551 3155 unua
561 3103 614 3156 Va
660 3105 741 3167 ritas,
757 3120 816 3170 quo
826 3100 956 3155 Getarum
974 3099 1068 3170 prada
1082 3099 1166 3153 obno-

109 3177 184 3231 tican.
197 3179 232 3230 H.
245 3205 278 3218 -
293 3181 336 3231 Ira
347 3184 459 3246 publico.
480 3178 613 3234 Omnium
661 3179 699 3231 ria
712 3189 758 3231 est.

110 3255 275 3309 Tomitarum
286 3257 440 3329 indignatio
692 3255 732 3307 3ο.
747 3257 860 3306 Vestrum
871 3257 959 3306 solum.
966 3252 1088 3308 Vestram
1098 3253 1167 3310 lunc

141 3350 181 3384 ao,
196 3334 258 3386 Tela
266 3352 319 3401 qua
329 3355 440 3389 ruren-
449 3332 576 3387 Carmina
584 3345 611 3388 at
660 3333 794 3401 regionem
816 3331 932 3384 sterilem
945 3370 953 3398 ,
976 3341 1004 3384 et
1025 3332 1115 3401 frigori
1135 3351 1165 3388 ac

108 3408 253 3479 ingenium.
659 3409 732 3464 bellis
739 3408 887 3463 obnoxiam.

140 3508 180 3540 nr.
192 3490 315 3543 Deterior.
330 3491 452 3542 Revertor
462 3509 493 3543 ex
503 3487 611 3557 scriptiu-
691 3488 732 3540 δι.
744 3490 821 3541 Esset
827 3494 947 3554 perpetuo
955 3505 1003 3541 sua
1013 3505 1087 3554 qnam
1098 3493 1164 3542 ruta·

141 3568 180 3618 a&
196 3569 258 3620 Mea
269 3571 351 3633 eulpa.
365 3569 435 3619 Mihi
442 3571 518 3634 culpa
528 3567 611 3621 Vatic.
659 3569 718 3619 nur
729 3567 822 3619 Ascra.
834 3567 935 3619 Versus
945 3575 1085 3634 sumentur.
1094 3567 1165 3622 H.-

141 3649 180 3696 25.
191 3647 320 3698 Excutere!-
338 3644 464 3712 luquirat.
478 3672 510 3684 -
522 3647 615 3700 Nostri
659 3645 688 3699 Si
697 3645 804 3715 quidem
814 3644 947 3699 Hesiodus
956 3645 1063 3699 Ascram
1074 3647 1166 3702 cirita·

109 3732 263 3775 monumenta
274 3725 376 3774 laboro.
392 3720 489 3774 Versus
501 3731 611 3775 nouror.
659 3733 713 3777 tem
722 3734 750 3778 et
756 3723 867 3792 patriam
876 3722 1000 3790 culpavit,
1012 3741 1067 3777 non
1076 3735 1166 3780 tamen

98 3846 100 3851 .
143 3794 182 3846 25.
194 3797 235 3846 De
245 3801 323 3851 wbr's.
337 3796 379 3849 De
392 3796 541 3850 hornimlmr
554 3797 611 3851 Το-
660 3819 753 3855 eorum
765 3802 833 3855 cirea
844 3818 1022 3855 succensuere.

111 3872 222 3926 minuit·
691 3879 731 3930 32.
742 3880 814 3931 Seria
821 3880 945 3945 affn'cola.
952 3878 1030 3933 Senis
1036 3871 1161 3938 Hesiodi,

144 3969 183 4016 27.
194 3951 231 4002 ΕΙ
241 3956 354 4007 r'rcmus
367 3956 437 4004 omni
448 3953 479 4003 de
488 3961 562 4020 partu
575 3958 612 4006 τί·
658 3954 703 4022 qui
717 3952 749 4007 de
758 3954 913 4022 agricultura
925 3955 1031 4025 scripsit.

110 4028 220 4080 mendas.
236 4027 271 4081 Et
279 4027 404 4083 hostilem·
412 4029 556 4099 impetun,
568 4030 612 4084 cui
690 4031 729 4084 33.
741 4032 771 4084 In
780 4035 906 4086 illaterra.
920 4033 951 4085 lu
962 4032 1040 4083 Ascra
1050 4023 1162 4077 civitate·
