2722 4702
169 321 213 388 38
456 317 496 383 P.
523 312 704 384 OVIDII
727 314 952 386 NASONIS

215 455 363 558 Imposni
379 455 523 557 rapidis,
541 455 662 530 viscera
669 474 812 543 nostra,
830 458 943 553 rogis3
1201 494 1235 534 αα

168 574 231 646 Vel
249 573 340 675 quod
353 601 440 648 eram
456 575 592 662 Musas,
609 591 649 647 ut
664 573 799 648 crimina
815 591 947 661 nostra,
963 602 1123 676 perosus,

217 691 280 765 Vel
298 689 390 793 quod
405 689 513 765 adbuc
530 718 680 765 crescens
695 707 728 764 et
739 690 822 764 rude
839 719 969 767 carmen
984 711 1062 767 erat.

169 811 253 908 Quae
268 808 424 910 quoniam
437 835 505 882 non
523 825 602 882 sunt
616 808 750 909 penitus
766 807 911 895 sublata,
930 809 989 885 sed
1002 829 1151 901 exstant,

217 924 376 999 Pluribus
391 922 550 1026 exemplis
564 923 686 1024 scripta
701 923 802 999 luisse
817 953 892 1000 reor
907 956 916 1014 3

168 1040 266 1113 Nunc
280 1066 398 1140 precor
411 1056 449 1112 ut
464 1038 595 1125 vivant,
613 1056 646 1111 et
662 1067 731 1113 non
748 1039 864 1136 ignava
880 1039 1044 1137 legentum
1200 1062 1233 1115 ηε

218 1158 299 1233 Oria
316 1154 491 1243 delectent,
511 1156 772 1258 admoneantque
789 1160 863 1233 mei.

47 1371 52 1379 Ι
167 1274 237 1348 Nee
252 1291 362 1348 tamen
382 1273 437 1348 illa
451 1273 517 1369 legi
533 1291 691 1373 poterunt
706 1275 869 1375 patienter
884 1275 926 1349 ab
943 1273 1036 1365 ullo,

217 1388 350 1463 Nesciat
364 1387 418 1460 bis
434 1413 593 1460 summam
611 1386 639 1458 si
657 1386 733 1484 quis
747 1387 862 1460 abesse
875 1416 1018 1463 manum.

169 1501 327 1578 Ablatum
344 1500 461 1575 mediis
477 1526 563 1598 opus
580 1516 630 1572 est
646 1499 824 1573 incudibus
840 1499 944 1590 illud,

219 1618 336 1691 Defuit
352 1634 386 1691 et
401 1616 534 1717 scriptis
549 1614 665 1690 ultima
680 1615 757 1691 lima
771 1618 863 1691 meis.

169 1735 216 1807 Et
231 1731 358 1805 veniam
375 1759 437 1831 pro
454 1730 550 1805 laude
565 1749 644 1831 peto
659 1760 667 1802 :
685 1729 838 1806 laudatus
855 1730 1009 1821 abunde,

218 1850 298 1922 Non
313 1846 481 1922 fastiditus
495 1847 524 1920 si
538 1847 619 1934 tibi,
637 1846 757 1933 lector,
775 1876 843 1922 ero.

171 1968 246 2040 Hos
262 1993 395 2066 quoque
411 1992 468 2038 sex
484 1992 618 2050 versus,
635 1965 671 2036 in
688 1963 787 2064 primi
802 1963 911 2037 fronte
926 1961 1031 2037 libelli

216 2078 253 2152 Si
273 2077 519 2180 preponendos
533 2106 602 2153 esse
619 2077 769 2177 putabis,
786 2076 871 2151 habe
885 2107 894 2150 ε

172 2194 265 2270 Orba
282 2213 416 2296 parente
432 2224 493 2270 suo
511 2195 710 2296 quicumque
728 2193 896 2268 volumina
910 2193 1038 2290 tangis,
1201 2208 1234 2261 ts

220 2312 284 2386 His
302 2311 416 2387 saltem
433 2328 541 2386 vestra
555 2311 652 2385 detur
666 2310 702 2382 in
718 2310 801 2384 urbe
816 2308 929 2393 locus;

173 2428 319 2528 Quoque
337 2428 441 2526 magis
458 2429 584 2512 sareas,
601 2453 671 2498 non
686 2441 766 2496 sunt
782 2422 851 2496 haec
868 2421 953 2493 edita
968 2420 1010 2491 ab
1026 2419 1119 2519 ipso,

223 2545 289 2618 Sed
305 2545 397 2644 quasi
415 2543 457 2616 de'
471 2540 600 2615 domini
614 2538 728 2611 sunere
745 2553 839 2635 rapta
853 2534 924 2607 sui:

174 2656 344 2757 Quicquid
359 2657 396 2729 in
411 2654 464 2728 bis
480 2653 584 2749 igitur
598 2649 670 2722 vitii
685 2649 766 2722 rude
783 2674 913 2751 carmen
931 2646 1089 2733 habebit,

222 2769 481 2856 Emendaturus,
499 2765 528 2841 si
545 2762 711 2853 licuisset,
730 2790 827 2841 eram.
1202 2779 1236 2848 40

172 2943 266 2997 melior
278 2961 401 3014 germana
417 2951 559 3013 parente.»
577 2938 679 2994 Herus
726 2936 841 2992 sicalibi:
852 2959 865 2983 α
874 2935 926 2991 Sex
934 2956 983 3006 ego
990 2936 1129 2991 Fastorum
1136 2937 1235 3005 scripsi,

206 3043 245 3076 ao.
262 3027 464 3076 Vr'scerarroslra.
472 3021 581 3074 Nostros
588 3019 678 3071 libros:
728 3018 891 3087 totidemque
902 3017 1000 3072 libellos
1007 3039 1014 3079 ς
1021 3041 1034 3064 »
1042 3028 1068 3070 el
1078 3058 1085 3083 ,
1094 3042 1107 3065 ιι
1117 3018 1172 3086 Qui
1182 3037 1236 3070 mo·

174 3096 680 3172 quasimeospartus—llogls.l‘'lammae
728 3098 762 3153 do
782 3100 892 3154 Nasonis
910 3099 1045 3154 suemmus
1065 3101 1180 3170 quinque
1199 3100 1237 3152 lr-

174 3178 263 3231 omnia
273 3178 392 3247 rapienti.
727 3179 805 3247 belli,
816 3179 882 3233 Tres
889 3199 979 3233 sumus
988 3219 994 3231 .
1004 3202 1048 3234 ..»
1060 3180 1093 3234 de
1105 3182 1237 3233 Amorum

208 3275 247 3323 ²7·
261 3259 314 3305 :l'on
322 3265 412 3309 lamen.
419 3258 473 3310 Nec
481 3266 591 3317 veteres,
598 3264 626 3307 et
633 3253 680 3306 Ne·
727 3256 814 3319 libris;
828 3267 905 3327 atque
915 3257 951 3311 ila
959 3259 1053 3325 passim
1061 3258 1170 3311 alibill.

174 3335 243 3386 sciet.
259 3331 358 3381 Herus.
762 3334 802 3387 3⁵.
818 3336 887 3388 Orba
894 3345 1062 3402 pamulesuo.
1073 3336 1177 3389 Privata
1189 3354 1238 3403 pa-

208 3429 248 3481 ²9·
272 3408 366 3459 lledr'r's
390 3410 529 3459 localibus.
554 3407 682 3461 Nondum
730 3421 786 3476 tre,
800 3422 827 3465 et
838 3423 943 3466 auctore
956 3415 1058 3480 operis,
1071 3412 1155 3481 quiin
1168 3412 1235 3464 exsi-

176 3488 292 3543 absoluto
304 3506 390 3554 opere.
400 3486 568 3540 Men-sic
579 3497 606 3540 et
617 3505 684 3557 opus
730 3489 795 3544 lium
807 3492 905 3557 ejectus
916 3501 962 3545 est.

176 3562 280 3633 aliquod
291 3566 394 3616 elimare
405 3562 524 3616 dicimur.
762 3566 802 3638 37.
818 3570 896 3621 Edita
906 3573 940 3621 al
953 3572 1006 3621 r'llo.
1022 3571 1081 3636 Ipso
1097 3565 1236 3620 meliores:

210 3641 250 3695 33.
266 3638 477 3706 luprimasroole
487 3643 576 3693 libelli.
591 3638 682 3695 Scribe
731 3663 779 3715 pro
785 3643 878 3712 sareas
894 3647 974 3699 etiarn
983 3645 1076 3714 loreas
1092 3652 1237 3712 agnoscunt

173 3720 340 3786 prlmlle'belli.
349 3718 441 3785 Inepte
450 3717 521 3769 enirn
531 3717 683 3770 Metamor·
733 3733 852 3793 quatuor.

178 3797 271 3866 phoses
281 3797 382 3847 libellus
393 3806 528 3862 vorentur,
541 3814 603 3864 quas
613 3797 682 3865 ipse,
767 3800 1141 3864 lo.Emendalumseral.Emr
1148 3797 1237 3868 scripti

176 3873 220 3928 lib.
229 3872 271 3939 ll,
284 3873 367 3941 majus
376 3891 437 3939 opus
449 3873 483 3927 sit
493 3873 685 3943 appellaturus;
733 3876 853 3947 potiores.
862 3877 962 3932 Hlarus.

586 4031 823 4058 —Q——u
