2722 4702
168 314 1216 353 Μ

581 474 801 547 cnnnnn

21 765 28 779 .
177 686 376 791 JULII
419 682 758 790 CAESARIS
791 684 1209 794 SCALIGERI

664 902 722 957 DE

398 1081 444 1163 P.
474 1079 691 1163 OVIDII
720 1077 999 1163 NASONIS

583 1271 812 1339 nxsmo.

409 1535 557 1604 (Loquitur
567 1535 620 1603 ipse
632 1533 743 1588 Ovidius
754 1532 787 1586 nd
800 1532 973 1602 Augustum.)

175 1743 218 1842 Α
236 1796 287 1839 nn
304 1765 429 1836 utinam
444 1764 602 1861 inciperes
618 1763 707 1836 serus
720 1792 809 1853 esse,
824 1780 957 1840 cruente
969 1796 977 1855 3
991 1794 1053 1843 nec
1067 1783 1153 1844 atras

9 1960 56 2003 *a
221 1881 284 1953 Per
301 1876 403 1951 caedes
419 1875 540 1952 laceres
556 1876 596 1949 ad
614 1906 684 1951 mea
700 1879 766 1954 lata
782 1881 928 1975 gradum.

70 2006 74 2013 '
94 2088 99 2093 Ι
174 1996 210 2071 Si
225 2023 295 2069 mea
311 2013 343 2068 te
359 1994 461 2067 movit
481 1993 631 2067 tetricum
647 1993 765 2069 lasciva
782 1996 949 2094 juventus,

128 2154 132 2161 ·
221 2117 269 2186 Te
284 2112 435 2211 juvenem
452 2108 585 2183 damnas
602 2110 772 2211 perditus:
791 2111 880 2185 exsul
896 2110 960 2183 abi.

171 2233 278 2335 ltqtla
294 2228 427 2324 flagitiis
444 2226 595 2326 squalent
612 2227 788 2326 penetralia
806 2227 906 2301 diris:

223 2344 379 2419 Damnati
397 2358 552 2439 superant
566 2342 701 2415 nomina
718 2342 804 2416 soeda
821 2342 877 2414 nei.

176 2466 255 2536 Non
270 2478 302 2533 te
318 2456 465 2531 divinum
484 2455 672 2550 ingenium,
689 2485 759 2530 non
776 2455 911 2530 candida
931 2474 1071 2553 tangunt

227 2579 387 2661 Pectora,
403 2600 471 2646 non
488 2572 597 2647 Clario
615 2572 726 2667 lingua
745 2575 884 2647 secunda
901 2576 983 2647 Deo.

178 2698 295 2768 Laena
311 2688 450 2765 mollivit
467 2704 594 2764 veteres
611 2717 680 2761 mea
696 2717 776 2763 vena
794 2708 928 2790 poetas3

228 2811 275 2881 Et
290 2834 397 2881 rerum
415 2804 526 2879 docuit
542 2803 688 2906 ponden
704 2821 791 2878 certa
807 2834 922 2881 novos.

182 2931 295 3025 Quum
313 2944 345 2998 te
362 2923 546 3007 laudarem,
564 2939 643 2994 tunc
659 2949 731 2996 snm
747 2921 926 2996 mentitus:
943 2922 986 3004 ob
1001 2948 1108 2996 unum
1120 2918 1185 2995 ltoc

228 3040 345 3115 Exsilii
362 3038 467 3112 luerat
484 3035 595 3109 debita
609 3064 707 3135 poena
722 3036 814 3111 mihi.

592 3399 827 3426 *—
