2722 4702
294 347 502 415 racono
525 345 785 414 aucusro
807 345 1048 415 rnuaso.
1132 344 1198 439 ⁴⁸⁷

143 490 285 567 Bucciua
302 490 473 567 concinnit
485 491 636 565 Tritonia
652 488 761 564 llebile
777 517 923 577 earrnen3
1166 508 1199 558 ss

190 606 258 676 Nec
278 604 384 678 tenuit
400 605 541 698 gemitus
557 603 672 676 Nereis
689 602 861 676 ndasnos.

143 715 313 791 Adnavere
327 718 376 793 tui
390 746 536 820 puppem
553 715 743 816 delphines,
760 716 885 802 Arion3

191 832 265 905 Huc
281 860 416 934 quoque
432 833 554 919 laturi,
571 831 714 904 simodo
731 830 845 913 detur,
863 856 957 903 onns.

142 947 195 1020 At
206 966 255 1035 te,
274 950 384 1024 Cesar
397 967 508 1036 atrox,
524 946 695 1021 homiuum
710 944 760 1019 nil
774 963 851 1019 vota
866 946 1048 1046 deumque,

191 1063 330 1139 Pectora
346 1062 393 1138 nil
410 1065 521 1140 Clario
538 1063 672 1138 numine
688 1064 766 1137 loeta
784 1080 939 1148 movent3

142 1176 198 1249 Nil
216 1207 290 1277 quae
310 1180 491 1253 lllaeonium
507 1177 658 1252 facundia
674 1177 774 1249 vincit
792 1176 949 1277 Ulyssem

190 1291 425 1392 Antilochique
440 1310 586 1392 patrem,
604 1291 876 1392 Tyndaridosque
893 1293 1008 1366 virum.

143 1408 309 1482 Maenadas
326 1390 463 1509 Orphea
478 1407 621 1481 flexisset
638 1406 723 1481 caede
738 1414 913 1494 nocentes,

188 1522 355 1599 Bistonias
371 1541 482 1597 cautes
497 1523 562 1595 hoc
579 1522 754 1597 animasset
772 1523 864 1597 ebur.

143 1640 288 1713 Sarmata
304 1638 449 1712 cantanti
467 1638 556 1711 serus
571 1638 766 1722 assurrexit,
787 1657 820 1713 et
836 1642 925 1713 Ister

191 1754 384 1850 Quamlibet
399 1754 567 1828 adstrictis
584 1752 705 1849 frigore
718 1753 839 1855 plausit
856 1755 959 1855 aquis.
1044 1806 1047 1811 -

143 1871 213 1944 Cur
230 1869 293 1942 soli
311 1868 374 1943 tibi
389 1887 479 1944 muta
494 1868 563 1969 lyra
581 1872 655 1943 est?
671 1871 771 1970 quid,
787 1871 901 1956 surde,
917 1871 1042 1966 relegas

191 1986 347 2059 Auditum
363 1988 476 2058 Boreae
493 1984 762 2081 Sauromatisque
779 1981 921 2082 chelyn?

142 2103 212 2176 Ah!
231 2131 314 2174 cuso
331 2102 439 2174 minor
454 2099 510 2174 illa
527 2101 595 2185 tui,
613 2126 712 2198 quam
730 2096 845 2172 secula
861 2099 1033 2185 damnant,

191 2217 333 2313 Collegae
349 2218 458 2293 rabies
472 2217 509 2291 itt
523 2217 685 2290 Cicerone
699 2214 782 2287 suit!

143 2335 231 2407 Huic
249 2351 348 2434 caput
364 2335 508 2408 exsecuit
523 2349 699 2433 properata
714 2330 799 2405 cede
816 2328 970 2405 satelles:

190 2452 308 2524 Vivere
323 2450 448 2524 Nasoni
464 2449 544 2549 quid
560 2448 624 2522 nisi
639 2475 723 2548 sepe
739 2448 822 2521 mori
841 2450 916 2522 est?

64 2520 108 2659 l„
141 2566 301 2639 Invidiam
317 2594 424 2667 poenae
440 2565 593 2652 Rostris,
608 2563 781 2651 scelerate,
797 2564 943 2658 negasti;

190 2683 238 2753 Ut
256 2681 375 2780 Scytha
391 2681 456 2778 jam
474 2708 541 2781 prce
559 2697 591 2755 te
604 2679 697 2755 mitis
712 2696 748 2755 et
761 2704 878 2779 :quus
892 2681 970 2753 eat?

144 2792 258 2891 Quum
277 2790 386 2867 vultus
397 2794 548 2868 Fortuna
563 2790 664 2887 fugax
679 2792 797 2868 avertit
812 2794 953 2882 amicos,

191 2905 316 2982 Nubila
332 2905 385 2981 lux
402 2907 529 3009 aliquid
547 2910 661 2982 sunere
676 2911 770 3010 pejus
786 2910 897 2984 habet.

145 3024 180 3096 Si
198 3054 262 3124 qua
278 3022 360 3097 fides
377 3025 476 3113 veris,
491 3026 646 3100 Busiride
661 3028 776 3101 sevior
792 3028 864 3128 ipso
880 3056 931 3114 es,

193 3144 262 3238 Qui
280 3140 434 3215 miserum
451 3143 609 3242 prohibes
625 3161 747 3228 morte,
764 3144 900 3239 necique
915 3173 1025 3240 negas.

143 3261 184 3329 ln
203 3257 349 3330 Geticam
366 3257 444 3351 fuga
460 3260 549 3355 jussa
563 3257 693 3357 plagam
711 3275 781 3344 est,
799 3286 842 3331 ne
859 3257 931 3332 sola
947 3259 1079 3335 ruboris

194 3371 299 3442 llorna
315 3370 365 3442 sui
385 3370 497 3456 testis,
515 3370 646 3445 conscia
663 3370 732 3447 sola
748 3371 844 3446 locet.

145 3482 237 3579 Quid
255 3481 355 3571 suris,
371 3483 526 3558 infestum
543 3485 672 3558 Phoebo
688 3488 813 3586 caput?
825 3486 922 3560 Actia
938 3486 978 3560 de
993 3505 1025 3561 te

192 3603 268 3674 Non
286 3601 368 3673 hanc
385 3600 521 3673 ememit
538 3600 708 3677 Leucados
723 3601 811 3676 unda
827 3621 952 3677 uotam.

145 3712 202 3786 Nil
219 3733 323 3788 tamen
340 3715 436 3812 egisti
451 3717 600 3789 :canitur
616 3734 693 3792 tuus
711 3718 820 3804 exsul,
838 3737 870 3792 et
885 3748 952 3794 evo

195 3833 322 3904 Lumen
336 3834 567 3906 inexstinctum
585 3833 777 3934 (rumpere,
796 3835 942 3932 Cesum)
960 3835 1062 3913 adest.

146 3949 277 4022 Limine
293 3977 353 4047 pro
372 3952 478 4049 patrio
495 3950 677 4049 spatiosum
691 3951 841 4050 possidet
860 3953 996 4031 orbem:

197 4060 389 4161 Hospitium
405 4079 497 4135 tanto
514 4091 575 4162 par
593 4061 685 4138 locus
702 4061 758 4139 illc
775 4063 847 4141 viro
862 4086 921 4143 est.
