2722 4702
143 307 212 401 496
382 301 589 371 rursus
618 302 960 386 normannus

142 453 210 525 Res
228 464 315 520 caret
328 443 479 546 exemplo
496 474 504 518 :
520 443 584 518 sub
603 443 685 518 diris
697 442 791 517 triste
807 446 956 544 tyrannis

189 564 337 639 Exitium
353 562 465 663 paucis
481 560 593 657 lingua
612 579 763 663 proterva
782 559 882 635 dedit.

145 680 232 754 Huic
250 677 349 751 animi
366 676 481 751 nocuit
499 674 715 764 truculentia3
732 676 878 751 concidit
893 676 990 764 alter,

194 793 263 890 Qui
280 793 335 893 pia
352 821 415 893 pro
434 794 538 893 raptis
553 791 682 890 legibus
699 822 789 866 arma
807 791 893 867 tulit.

146 909 212 981 Sed
228 936 314 981 nora
330 927 408 1008 post
424 908 595 994 homines,
616 907 730 982 oculos
745 908 901 984 habuisse
916 926 1096 997 nocentes,
1164 929 1211 981 unt

194 1023 350 1123 Principe
369 1040 416 1109 te,
435 1039 531 1096 natos
545 1021 642 1123 eulpa
659 1041 788 1124 repertu
806 1022 879 1097 suit.
928 1088 933 1095 .

149 1141 293 1215 Crimine
310 1156 468 1240 perpetua
486 1138 659 1213 damnatus
675 1158 774 1214 nocte
789 1161 951 1229 vacasset,

197 1259 242 1329 Et
260 1256 365 1356 patria
385 1282 488 1328 caeeus
505 1283 574 1327 non
592 1255 750 1331 caruisset
766 1258 878 1331 humo.

148 1374 257 1446 Tutus
273 1370 470 1445 adulterium
488 1369 671 1471 potuisses,
689 1372 823 1445 luminis
839 1399 978 1475 expers,

198 1489 363 1588 Furtaque
380 1485 522 1573 lascire,
538 1490 647 1574 Naso,
667 1487 783 1562 docere
798 1489 897 1563 Deae:

150 1608 218 1680 Nec
235 1632 372 1678 censura
387 1604 451 1676 tibi
466 1604 548 1676 casti
566 1602 740 1676 metuenda
757 1602 873 1675 fuisset

200 1720 353 1801 casaris,
370 1715 520 1814 exemplo
536 1718 595 1814 qui
612 1717 700 1790 savet
716 1719 786 1817 ipse
802 1747 883 1805 suo,

152 1840 195 1909 Et
211 1832 267 1933 qui
285 1829 450 1924 legitimos
468 1846 624 1904 temerare
642 1829 781 1929 libidine
797 1831 901 1908 lectos

198 1948 376 2045 Flagitium
393 1975 564 2048 nunquam
580 1946 720 2022 credidit
735 1978 807 2025 csse
824 1950 910 2025 viris.

150 2067 244 2141 Livia
262 2082 416 2151 testetur,
434 2093 606 2166 pregnans
622 2064 763 2140 abducta
779 2069 912 2152 marito,
1170 2092 1218 2143 rus

200 2183 319 2256 Ederet
340 2199 378 2255 ut
393 2179 508 2254 fretum
525 2181 628 2282 patris
643 2182 680 2255 in
695 2183 762 2256 aede
777 2184 838 2257 sui.

150 2303 200 2374 Te
215 2296 380 2385 Tertulla,
398 2298 488 2391 gravi
503 2294 660 2372 lassatum
676 2299 822 2398 pondere
839 2328 962 2383 remm;

200 2419 248 2490 Te
265 2434 378 2491 tenero
395 2411 480 2486 sovit
498 2412 606 2488 Salvia
620 2414 747 2488 meccha
762 2415 855 2500 sinn;

152 2538 235 2609 Mox
252 2530 375 2607 Rufilla
389 2528 478 2603 salax
493 2528 623 2605 lascivis
635 2530 783 2632 implicat
797 2530 902 2618 ulnis;

203 2653 323 2724 Fnrrna
340 2646 526 2722 Terentillae
542 2677 619 2721 mox
635 2649 784 2748 speciosa
801 2649 922 2733 trahit;

155 2770 199 2839 Et
214 2765 337 2859 gremio
355 2760 499 2835 detracta
518 2759 625 2863 placet
640 2760 682 2835 de
698 2761 846 2836 consulis
861 2788 961 2846 uxor,

203 2881 352 2978 Quaeque
369 2876 473 2951 redux
486 2875 626 2949 Veneris
640 2874 733 2972 sigua
746 2877 886 2950 recentis
904 2874 1012 2949 habet.

156 2998 278 3069 Verum
294 2993 352 3067 ubi
370 3010 532 3068 consuetae
549 2992 674 3067 laeiuut
688 2991 819 3067 fastidia
833 2992 965 3079 fonne,

203 3114 272 3183 Nec
289 3111 367 3184 satis
384 3112 452 3184 haec
469 3108 614 3195 moecho,
630 3136 690 3183 nec
707 3110 786 3183 satis
799 3108 855 3181 illa
872 3108 1021 3210 placent:

158 3229 309 3327 Corpora
327 3252 505 3319 mangones
524 3225 717 3324 conquirere
734 3223 872 3326 pulchra
887 3224 1064 3321 jubentur,

204 3344 289 3439 Quae
302 3341 411 3441 posita
430 3356 556 3439 spectet
571 3355 659 3413 veste
676 3338 841 3440 superbus
858 3337 965 3413 lrerus.

159 3457 285 3528 Ludere
302 3454 388 3527 furta
405 3454 512 3527 Derim
530 3452 660 3527 dubitat
674 3480 780 3553 neque
796 3450 897 3525 salsus
915 3449 1057 3554 Apollo,

206 3572 348 3643 Numina
364 3569 442 3641 dum
460 3569 512 3643 bis
529 3597 585 3643 sex
600 3568 713 3644 Mallia
731 3567 803 3644 sola
819 3569 915 3643 videt.

158 3683 311 3785 Principe
328 3687 374 3757 sic
389 3686 496 3780 agitur
513 3715 597 3788 puro
615 3715 752 3762 censura
770 3718 777 3759 :
796 3686 903 3788 poetis

206 3797 261 3873 Nil
280 3826 365 3899 opus
382 3819 447 3889 est,
462 3803 610 3900 juvenes,
628 3802 686 3901 qui
703 3801 786 3874 male
804 3819 916 3901 stupra
932 3798 1059 3871 docent.
1173 3820 1219 3869 ιω,

158 3920 269 4001 Naso,
289 3912 369 4016 quid
385 3915 552 3991 obscaeuas
568 3934 633 3990 tam
651 3915 748 3990 castis
766 3915 902 3990 auribus
919 3931 1023 3998 artes,

206 4031 250 4100 Et
269 4030 413 4128 quereris
431 4027 546 4104 molles
563 4028 769 4129 displicuisse
786 4029 929 4103 modos?
