2722 4702
583 529 876 636 HEINSll

488 771 963 845 Pnnrarlooeona

101 998 105 1007 ’
201 962 255 1065 ln
268 1003 447 1090 castigandis
462 1005 544 1068 bisce
561 1005 647 1066 libris
662 1006 779 1068 codices
793 1008 877 1068 fuere
891 1004 967 1067 mihi
983 1017 1088 1088 praesto
1110 1003 1269 1089 aliquanto

202 1113 375 1173 vetustiores
389 1113 443 1186 iis,
459 1133 533 1196 quos
542 1113 651 1172 Tristia
659 1112 884 1195 suppeditarunt
896 1132 1016 1205 gneque
1032 1109 1078 1170 illi
1089 1124 1190 1173 tamen
1199 1111 1269 1194 ejus

201 1231 295 1293 noue,
313 1233 364 1280 aut
379 1218 576 1291 auctoritatis,
596 1232 628 1279 ut
643 1231 775 1278 exactam
788 1218 863 1278 locis
878 1215 955 1276 male
970 1215 1112 1293 adfectis,
1128 1217 1181 1298 qui
1191 1215 1269 1298 plu-

199 1325 272 1384 rimi
296 1324 405 1405 passim
428 1324 478 1383 bic
496 1321 560 1385 illic
583 1325 765 1399 obcurrunt,
783 1323 964 1384 medicinam
989 1321 1122 1381 fecerint.
1144 1322 1268 1384 Primus

202 1428 337 1489 omnium
352 1427 620 1489 commendandum
633 1449 664 1489 ae
679 1429 768 1489 offert
789 1429 861 1487 Viri
876 1431 966 1509 Amp.
985 1425 1099 1487 Claudii
1128 1425 1266 1491 sanavit

203 1531 296 1592 codex
309 1530 463 1607 Gallicus,
480 1547 547 1592 ante
564 1553 657 1592 annos
672 1535 855 1613 octingentos
872 1547 1025 1608 exaratua;
1043 1530 1091 1592 ted
1118 1529 1265 1592 mendose

202 1635 380 1710 admodum,
399 1658 455 1697 nec
471 1637 522 1696 ille
538 1638 672 1717 integer,
686 1651 720 1695 ut
727 1637 786 1717 qui
799 1637 831 1696 in
845 1635 947 1718 Elegia
961 1635 1087 1698 secunda
1098 1635 1177 1696 tertii
1189 1633 1264 1696 libri

201 1741 350 1801 deficeret.
362 1740 536 1799 Proximum
546 1754 687 1801 remstate
697 1743 899 1823 Argentorate
907 1741 1090 1802 bibliothecae
1098 1739 1265 1822 exemplar,

202 1844 283 1929 quod
290 1866 438 1904 annorum
448 1846 567 1906 circiter
576 1847 826 1929 septingentorum
839 1847 957 1906 senium
972 1867 1033 1929 prae
1048 1867 1079 1907 ae
1093 1846 1187 1906 ferret
1204 1870 1212 1906 ι
1232 1847 1266 1906 in

201 1969 237 2013 eo
247 1947 324 2010 liber
335 1963 458 2032 quartus
470 1970 540 2010 cum
549 1965 632 2035 parte
641 1952 720 2011 tertii
730 1951 985 2013 desiderabantur.
998 1955 1061 2014 Nec
1074 1965 1154 2012 etate
1169 1952 1268 2014 multo

201 2055 352 2117 inferioris
362 2077 398 2116 ex
406 2054 545 2119 Mediceis
555 2078 649 2133 unus,
661 2055 839 2120 nobilissimi
851 2059 973 2140 Rogerii
983 2057 1149 2118 Twiedenii
1158 2058 1268 2139 equitis

202 2152 339 2225 Baroiteti
361 2144 464 2226 itidem
484 2186 562 2226 unus
584 2163 751 2247 Anglicus3
769 2164 797 2225 et
813 2163 941 2247 Remigii
958 2162 1076 2224 Feschii
1093 2164 1136 2223 V.
1151 2163 1264 2225 Clario.

203 2267 308 2329 codex.
322 2269 392 2331 Post
402 2269 471 2344 bos,
486 2271 599 2352 primus
612 2272 781 2344 vaticanae,
793 2269 968 2331 Basileensis
978 2267 1145 2342 secundus,
1161 2270 1269 2332 tertius

203 2375 410 2449 Farnesiauae,
431 2390 554 2459 quartus
570 2375 757 2450 Barberinae,
774 2374 996 2456 Gottorpbianae
1011 2373 1148 2456 quintus,
1165 2386 1269 2435 sextus

203 2494 232 2539 et
247 2480 387 2558 septimus
403 2474 599 2551 flumineis,
630 2480 727 2560 Regiae
743 2479 775 2537 in
797 2478 904 2539 Galliis
927 2492 1047 2540 octavus
1064 2476 1266 2540 bibliothece.

202 2585 346 2642 Praeterea
362 2602 440 2642 unus
455 2574 656 2642 Puteanorum
672 2584 819 2657 fratrum,
836 2583 910 2640 alter
935 2581 1113 2667 balthasaris
1128 2584 1264 2662 Moreti,

203 2689 305 2749 tertius
321 2689 363 2750 V.
380 2685 427 2747 Cl.
446 2684 567 2746 Patricii
579 2686 676 2748 Junii.
691 2685 736 2748 Hi
751 2700 818 2749 ante
831 2686 1062 2770 quadringentos
1079 2733 1088 2762 ,
1106 2702 1158 2750 aut
1171 2689 1268 2771 quin-
1330 2716 1333 2721 ·

203 2809 307 2876 gentos
323 2815 418 2854 annos
435 2791 558 2854 exarati.
576 2791 698 2875 Reliqui
721 2806 798 2854 notre
820 2792 1015 2867 recentioris3
1032 2792 1166 2856 Thoanei
1178 2789 1262 2868 duo,

203 2901 325 2964 totidem
341 2900 484 2973 Medicei,
509 2898 690 2959 Combianus
707 2921 805 2972 unus,
830 2920 881 2960 sex
900 2900 1061 2975 Vaticani,
1087 2900 1166 2975 duo,
1188 2919 1266 2981 quos

203 3006 406 3068 munificentia
422 3007 463 3065 V.
485 3009 524 3065 A.
540 3004 684 3065 Bernardi
705 3005 838 3066 Medonii
864 3006 1006 3066 senatoria
1030 3005 1171 3068 Tolosani
1192 3027 1264 3089 pos·

204 3113 304 3189 sideo,
319 3127 379 3173 tres
392 3110 549 3184 Vossiani,
570 3133 646 3172 unus
659 3111 837 3184 Batarinus,
857 3125 886 3170 et
896 3110 1046 3172 Leidensis
1061 3112 1263 3190 bibliothece,

205 3233 233 3278 et
245 3216 552 3300 Rottendorphianus,
566 3232 595 3277 et
603 3217 830 3277 Boxhornianus
842 3261 849 3288 ‚
864 3230 892 3275 et
901 3214 1096 3293 moncellos,
1109 3232 1137 3278 et
1148 3240 1166 3276 a
1177 3220 1265 3278 Petro

207 3322 311 3382 Servio
320 3323 440 3384 Medico
448 3325 583 3383 Romano
593 3322 669 3381 mibi
682 3321 818 3381 donatus.
833 3323 987 3401 Denique,
1001 3342 1065 3402 quae
1079 3320 1190 3402 negligi
1206 3343 1264 3381 ne-

204 3448 353 3508 quaquam
366 3427 488 3498 debent,
498 3427 638 3487 lectiones
647 3425 768 3487 diverse
780 3449 817 3487 ex
830 3427 940 3509 optimo
956 3425 1170 3504 veterrimoque
1180 3422 1261 3482 libro

206 3531 243 3590 ad
259 3548 342 3590 oram
357 3530 538 3613 Gryphianae
547 3530 684 3592 editionis
700 3553 718 3591 a
733 3552 841 3614 magno
852 3529 1001 3612 scaligero
1012 3540 1130 3601 notatae,
1149 3541 1179 3588 et
1194 3526 1261 3590 aliae

205 3659 241 3699 ex
258 3637 390 3700 Mediceo
405 3635 587 3721 exemplari,
606 3661 666 3721 quo
677 3637 841 3700 Politianua
858 3659 927 3700 usus
942 3636 1046 3698 fuerat.
