2722 4702
408 199 425 232 δ

199 339 261 432 ¹94
407 386 409 391 .
470 337 509 402 r.
541 336 719 404 0v1n11
746 335 978 404 nasonrs

192 480 286 579 Saepe
303 505 383 551 suos
399 475 518 551 solitus
533 475 669 549 recitare
683 476 876 575 Propertius
894 477 1006 572 ignes,
1225 502 1261 569 45

240 594 320 665 Jure
338 590 480 663 sodalitii
499 591 558 690 qui
575 589 656 662 mibi
670 590 804 688 junctus
820 607 908 664 erat:

97 766 101 793 ,
168 706 352 815 'Ponticus
369 707 491 790 heroo,
510 708 631 779 Bassus
648 733 781 806 quoque
799 704 906 781 clarus
923 707 1034 782 iambo

239 822 358 898 Dulcia
375 824 544 919 convictus
559 821 705 895 membra
720 822 811 898 fuere
828 824 912 898 mei:

190 941 237 1013 Et
253 939 359 1012 tenuit
374 955 506 1011 nostras
521 964 716 1011 numerosus
731 939 890 1012 Horatius
908 968 1018 1029 aures,

238 1055 329 1127 Dum
345 1053 421 1127 serit
437 1052 587 1126 Ausonia
606 1052 748 1127 carmina
763 1053 852 1130 culta
868 1052 955 1154 lyra:

189 1169 368 1265 Virgilium
384 1168 452 1242 vidi
470 1185 617 1252 tantum
634 1196 694 1241 nec
711 1197 807 1243 avara
819 1167 955 1243 Tibullo

236 1284 384 1385 Tempus
401 1281 550 1354 amicitia
567 1281 632 1355 fata
650 1281 767 1355 dedere
783 1310 873 1357 meae.

189 1398 366 1473 Successor
380 1398 445 1470 suit
460 1397 514 1469 bic
533 1397 616 1482 tibi,
637 1395 748 1484 Galle3
767 1399 963 1499 Propertius
981 1398 1048 1472 illi:

238 1518 387 1614 Quartus
405 1514 446 1587 ab
464 1513 516 1587 bis
534 1512 617 1586 serie
637 1514 794 1614 temporis
810 1513 882 1615 ipse
902 1514 960 1588 tui.

187 1634 299 1731 thue
317 1658 379 1724 ego
395 1628 552 1727 majores,
570 1627 616 1702 sic
634 1655 685 1701 me
702 1628 833 1702 coluere
848 1630 1017 1719 minores;
1221 1653 1258 1704 ss

234 1747 387 1846 Notaque
403 1771 472 1816 non
492 1743 584 1816 tarde
602 1743 686 1816 sacta
698 1743 816 1817 'lbalia
830 1772 902 1819 mea
918 1762 978 1819 est.
1041 1751 1046 1761 '

186 1862 340 1937 Carmina
359 1888 460 1962 quum
478 1858 621 1960 primum
641 1858 770 1960 populo
785 1859 940 1957 juvenilia
957 1860 1042 1956 legi,

234 1972 341 2048 Barba
358 1990 482 2048 resecta
498 1971 579 2046 mibi
597 1973 689 2047 bisve
708 1973 845 2047 semelve
864 1974 946 2048 luit:

189 2093 342 2165 Moverat
358 2089 545 2185 ingenium,
564 2106 666 2162 totam
682 2106 807 2162 cantata
824 2117 884 2189 per
900 2088 1032 2173 urbem,
1061 2084 1070 2115 '

233 2205 374 2279 Nomine
392 2232 459 2277 non
476 2231 554 2277 vero
574 2203 660 2277 dicta
676 2203 820 2277 Corinna
837 2204 930 2276 mibi.
1217 2227 1256 2278 60

183 2320 295 2398 Multa
312 2321 445 2421 quidem
461 2321 600 2421 scripsi:
618 2320 676 2394 sed
695 2349 767 2420 qua
781 2319 899 2394 vitiosa
916 2318 1046 2419 putavi,

183 2481 223 2525 est
236 2490 243 2523 a
257 2469 302 2538 qui
318 2471 329 2534 (
344 2475 373 2519 ut
388 2467 476 2519 scribit
494 2458 643 2534 Eusebius)
660 2468 693 2519 30
741 2471 810 2520 culta
819 2471 881 2538 lyra.
890 2468 977 2520 Arma
989 2470 1046 2539 lyra
1055 2476 1169 2536 quatuor
1180 2471 1272 2523 vete-¹

183 2543 330 2618 olympiade
345 2543 371 2593 in
384 2542 444 2593 Asia
456 2532 549 2608 periit:
562 2540 620 2611 vide
629 2541 693 2595 Sca·
740 2563 782 2596 res
793 2563 799 2595 ε
811 2563 844 2596 an
854 2546 940 2597 AEolia
949 2548 1029 2614 lyra?
1040 2544 1167 2599 Horatius
1179 2545 1212 2600 de
1223 2567 1253 2601 se

182 2623 225 2693 lig.
237 2630 306 2692 poet.
315 2617 358 2670 lib.
372 2617 427 2688 vl,
439 2636 494 2685 cap.
506 2623 528 2669 5.
588 2610 593 2627 ’
741 2619 816 2690 ipso,
835 2619 878 2672 lib.
894 2620 920 2674 ll
935 2661 942 2686 ,
960 2621 1013 2674 Od.
1030 2639 1104 2689 xxx,
1119 2642 1184 2675 vers.
1202 2640 1249 2678 10:

201 2763 203 2767 ι
216 2701 381 2770 47.Pur!r'cus
390 2698 471 2749 heroo.
482 2696 607 2749 Ponticus
615 2708 691 2762 poeta
741 2721 753 2743 s
765 2697 857 2761 Dicar,
874 2717 925 2765 qua
937 2699 1037 2754 violens
1051 2700 1174 2770 obstrepit
1190 2701 1251 2754 Αυ-

183 2779 290 2834 heroico
299 2775 415 2829 carmine
425 2775 581 2828 Thebanum
593 2772 691 2826 bellum
740 2773 819 2840 fidus,
833 2775 958 2846 Princeps
970 2777 1087 2832 AEolium
1097 2798 1202 2833 carmen
1215 2783 1248 2833 ad

181 2857 421 2926 scripsit-Battus
431 2871 527 2922 quoque
539 2854 623 2904 clarus
630 2856 690 2902 lam·
740 2855 817 2908 Italos
833 2855 976 2910 Deduxisse
995 2859 1126 2914 modos.»
1147 2859 1251 2914 AEolica

181 2945 220 2994 bo.
236 2938 286 2992 Atii
296 2938 423 2990 Bacchus.
439 2935 508 3004 Lege
521 2935 621 2986 Bassus
626 2936 691 2999 pede
738 2934 811 2987 enim
830 2933 939 2989 dialecto
958 2936 1029 3008 lyrici
1047 2939 1123 3007 greci
1143 2939 1252 3007 potissi—

180 3023 366 3073 clmsr'arrbo.
380 3017 476 3071 Noster
488 3014 583 3069 stibis
594 3014 691 3082 Jungi·
739 3031 814 3065 muru
831 3013 869 3066 usi
889 3035 895 3066 ι
913 3013 974 3068 hinc
985 3018 1073 3068 ‘nonu
1088 3021 1152 3088 lym.
1167 3017 1204 3072 H.
1218 3045 1252 3058 -··

181 3097 329 3151 turberons
340 3113 400 3148 cum
415 3091 533 3144 breviore
546 3091 611 3161 pede
622 3112 629 3156 ;
639 3113 652 3136 a
664 3099 691 3144 et
739 3090 884 3157 Dumserr‘t.
896 3090 970 3146 Dum
983 3092 1083 3162 plectro
1095 3096 1206 3149 chordas
1214 3093 1250 3149 le-

181 3171 209 3225 in
229 3173 328 3239 Fastis,
340 3171 384 3226 lib.
398 3171 442 3236 tl,
456 3189 493 3222 vs.
509 3170 555 3222 rufi
569 3189 575 3223 :
590 3191 602 3213 ιι
616 3167 690 3221 heroi
738 3168 833 3228 riendo
840 3179 942 3234 cantat;
955 3168 1004 3224 boc
1012 3182 1065 3240 est,
1078 3172 1143 3226 dum
1151 3174 1252 3242 puriter

180 3271 222 3305 res
237 3264 292 3305 erat
309 3252 355 3306 ista
371 3251 451 3321 pedis.
467 3271 481 3297 ι»
497 3249 623 3302 Meminit
635 3258 688 3301 tam
737 3259 814 3302 sonat
826 3249 893 3323 lyra,
906 3260 933 3304 et
945 3261 1032 3306 cantat
1044 3251 1169 3306 carmina.

180 3330 251 3383 Bassi
266 3348 346 3397 quam
359 3327 463 3383 Pontici
473 3337 611 3395 poetarum
620 3325 689 3380 Pro·
770 3334 809 3384 51.
822 3333 876 3385 Nec
888 3331 1043 3399 asarasata.
1058 3335 1115 3387 Nec
1125 3332 1246 3385 Deorum

180 3406 287 3475 pertius.
301 3406 337 3458 H.
736 3407 882 3463 voluntates
898 3428 905 3472 ;
925 3408 988 3477 quas
1007 3410 1068 3464 ideo
1082 3427 1174 3462 araas
1191 3407 1244 3459 scl-

212 3486 251 3552 48.
263 3487 360 3536 ΙΙιιΙιὴι
370 3484 506 3533 correctus.
515 3478 687 3536 convictores
735 3485 829 3554 pellat,
844 3485 968 3556 quonium
984 3486 1094 3539 celerius
1106 3483 1242 3537 'libullum

179 3563 233 3616 ruei
243 3562 369 3628 luerunt,
384 3561 493 3627 bpo'ererr.
734 3575 896 3631 rapuerunt,
911 3582 989 3634 qnam
1001 3562 1040 3616 fas
1058 3569 1114 3614 erat
1125 3579 1131 3613 ε
1144 3561 1243 3614 aduro-

212 3644 251 3714 49.
264 3643 386 3693 Horatius
395 3653 547 3690 numerosus.
560 3635 686 3692 Horatius
734 3639 799 3693 dum
811 3641 883 3695 enim
896 3640 997 3713 juvenis
1012 3639 1094 3709 periit,

177 3714 432 3790 optimuspoeta‚vel
441 3715 686 3783 acopia‚velubele·
768 3720 808 3771 52.
824 3721 931 3790 Tempus
942 3722 1066 3771 amsbrtr'ae.
1080 3715 1154 3785 Quia
1167 3720 1245 3789 periit

176 3797 264 3870 gantis
276 3811 431 3848 numerosus
441 3791 540 3852 dietus;
554 3790 593 3844 vel
605 3793 685 3846 etiam
733 3814 776 3848 me
792 3816 897 3866 puero,
916 3807 961 3851 snt
978 3806 1121 3865 antequam
1141 3816 1245 3866 possem

177 3897 193 3931 a
206 3875 330 3929 varietate
342 3887 516 3923 numerorum
529 3886 557 3921 ac
570 3868 683 3936 pedum,
732 3891 795 3926 eum
805 3875 901 3930 ridere.
910 3872 960 3928 Alii
973 3885 1062 3927 tamen
1075 3874 1188 3944 volunt,
1199 3897 1245 3931 eo-

178 3974 243 4026 quos
258 3950 338 4027 lyrica
352 3958 437 4001 metra
451 3947 589 4017 recipiunt.
601 3947 684 4003 Natus
732 3948 1016 4020 (lemanuo‚eteadem
1026 3952 1067 4006 die
1077 3973 1139 4008 curn
1146 3952 1243 4009 Oriclio

175 4046 215 4088 est
226 4044 287 4087 ante
295 4026 424 4084 Ovidium
435 4026 510 4080 annis
520 4045 559 4077 aa.
730 4036 832 4081 uatum.
845 4031 926 4086 Unde
941 4044 1022 4087 exstat
1035 4030 1126 4088 Ovidii
1138 4031 1170 4084 de
1181 4031 1239 4100 ejus

209 4115 248 4163 50.
265 4113 333 4164 Dum
344 4106 412 4176 serit
430 4107 548 4158 Ausonia
569 4110 683 4158 carmena
731 4114 817 4158 morte
830 4104 938 4176 Elegiu
953 4109 1013 4161 Vol.
1026 4106 1052 4164 ll
1062 4149 1070 4174 ,
1081 4124 1137 4180 pq.
1151 4103 1204 4174 198.
