2722 4702
263 319 329 385 nx
353 283 531 383 nonno
554 317 650 384 nm.
677 317 943 386 111.n1>1sr.
970 320 1037 388 v1.
1115 319 1181 410 407

170 457 243 531 ttae
256 457 294 529 in
311 458 482 550 Augustos
498 454 659 528 invidiosa
676 456 790 528 Deos?

122 571 284 647 Fulminis
299 570 437 644 adflatos
455 571 618 645 interdum
635 572 740 644 vivere
757 570 830 646 telis
860 652 867 663 ,

171 686 343 775 Vidimus,
359 703 394 786 et
409 685 518 776 refici,
533 717 602 761 non
618 687 815 789 prohibente
829 689 930 775 dopo:

124 804 209 889 Nec,
228 801 306 902 quin
321 805 497 903 Neptunus
511 832 622 877 navem
638 802 795 878 lacerarat
812 801 961 902 Ulyssis‚

169 915 355 990 Leucothee
372 919 464 990 nanti
481 919 564 993 serre
581 921 711 1016 negavit
728 948 835 1020 opem.

124 1031 227 1106 Crede
243 1031 341 1120 mihi,
356 1033 484 1109 miseris
501 1035 640 1109 eoelestia
656 1036 792 1109 numina
808 1051 964 1135 parcunt,

169 1147 237 1220 Nee
254 1175 383 1249 semper
402 1148 495 1223 iaesos
513 1169 545 1223 et
561 1152 630 1224 sine
646 1151 710 1224 fine
724 1167 888 1251 premunt.

122 1263 273 1366 Principe
289 1294 348 1340 nec
366 1283 481 1339 nostro
499 1268 589 1341 Dens
604 1286 655 1342 est
670 1267 870 1342 moderatior
882 1266 993 1341 ullus:

167 1380 300 1454 ,Iustitia
316 1381 400 1456 vires
418 1400 576 1482 temperat
593 1381 649 1456 iile
666 1411 751 1456 suas.

122 1495 234 1596 Nuper
251 1527 319 1572 eam
338 1501 461 1585 Cesar,
481 1500 568 1573 sacto
585 1499 624 1573 de
641 1527 802 1574 marmore
816 1498 956 1598 templo,

166 1611 368 1711 Jampridem
385 1613 500 1713 posuit
515 1611 634 1684 mentis
652 1612 688 1682 in
704 1610 772 1684 aede
789 1640 865 1685 suu.

120 1726 273 1827 duppiter
290 1728 324 1799 in
342 1727 472 1804 multos*
482 1728 650 1802 temeraria
667 1727 804 1800 fulmina
823 1745 972 1829 torquet,
1032 1805 1035 1810 ,

169 1845 240 1939 Qui
257 1872 386 1942 poenam
402 1843 497 1945 culpa
511 1874 581 1919 non
598 1872 745 1918 meruere
762 1843 843 1943 pari.

123 1957 282 2030 Obmerit
297 1959 388 2032 sevis
405 1990 505 2060 quum
522 1978 573 2035 tot
590 1961 681 2033 Deus
699 1961 841 2059 aequoris
858 1960 974 2046 undis,

168 2073 219 2143 Ex
237 2069 303 2143 illis
319 2073 420 2164 mergi
438 2102 514 2172 pars
531 2092 634 2175 quota
651 2072 751 2166 digna
767 2071 854 2143 fuit?

121 2187 233 2282 Quum
251 2203 387 2286 pereant
405 2186 471 2260 acie
488 2186 664 2262 fortissima
682 2214 838 2288 queque,
857 2184 920 2259 sub
938 2184 1012 2284 ipso

165 2300 300 2388 tudiee',
321 2297 465 2372 delectus
483 2300 600 2376 Manis
612 2300 747 2402 iniquus
763 2299 835 2374 erit.

154 2482 190 2533 16.
208 2481 416 2534 murmurosa.
437 2480 568 2535 Invidiam
587 2481 621 2534 it-
667 2481 739 2536 tione
748 2480 947 2537 CassiietBruti
954 2477 1110 2549 adpellatum
1117 2476 1175 2534 init.

119 2558 147 2612 lis
164 2570 190 2612 et
203 2560 389 2616 detractionem
404 2561 531 2616 conciliet
544 2588 577 2603 -·
588 2564 619 2616 Io
668 2562 716 2618 Est
723 2562 793 2616 enirn
802 2563 910 2628 etultio‚
920 2557 1093 2615 siverindicts
1101 2558 1174 2625 justi·

118 2638 184 2690 Deos
202 2642 335 2707 Auffoslos.
354 2641 502 2707 Augustum
519 2651 546 2693 et
563 2640 619 2708 ejus
668 2644 709 2696 tiae
722 2641 913 2712 parsqusedam.
925 2641 1028 2695 Mtcrt..

117 2713 180 2767 idios
194 2715 314 2784 intellige.
701 2723 739 2773 26.
749 2725 780 2773 In
788 2724 839 2773 ode
847 2723 1001 2773 sumentis.
1013 2717 1044 2770 ln
1055 2714 1175 2771 thesauro

148 2812 186 2844 20.
198 2795 346 2845 leucothea.
363 2794 402 2844 Er
416 2794 498 2845 Hom.
514 2793 568 2849 Od
581 2805 618 2860 E,
666 2797 707 2854 sui
719 2799 830 2869 pectoris
843 2817 850 2852 τ
862 2796 912 2852 hoc
925 2808 981 2864 est,
1000 2795 1085 2848 mutto
1097 2805 1173 2848 ante-

114 2889 179 2921 vers.
190 2870 292 2936 373.-«
301 2869 503 2940 Navigatinieiix
513 2891 520 2923 ε
529 2880 620 2927 erent
668 2895 747 2947 quam
758 2876 899 2931 adificaret
908 2875 991 2930 odem
1005 2874 1112 2938 Rome,
1125 2891 1171 2926 oo·

117 2947 170 3011 jorn
179 2947 269 3014 puppis
278 2946 304 2997 in
315 2947 620 3004 atro:Entdecimaobti-
667 2956 735 3009 lebat
742 2953 825 3024 ipsam
835 2955 936 3018 Deam
945 2953 980 3007 sic
993 2949 1129 3004 Claudian.
1139 2950 1171 3003 de

117 3042 199 3093 quum
211 3023 328 3077 verberet
340 3024 494 3080 undulatos.
506 3026 620 3081 Ennosi-
666 3029 742 3085 laude
752 3031 832 3085 stilic.
840 3031 884 3094 11,
895 3031 928 3082 to
939 3048 946 3082 ε
959 3052 971 3075 o
982 3028 1045 3080 Hoc
1054 3026 1112 3079 Dea
1123 3046 1169 3096 pro

117 3118 185 3169 gaeus
193 3098 276 3164 adest,
292 3101 429 3169 nitidaque
440 3114 547 3172 repente
556 3122 619 3172 pro-
667 3106 784 3175 templis,
796 3117 822 3160 et
835 3117 892 3160 ture
901 3105 1043 3160 calentibus
1055 3105 1119 3168 aris,
1130 3105 1169 3158 Te

116 3177 228 3229 fundum
237 3177 349 3246 Cuspide
358 3179 484 3234 subvertit
493 3200 500 3233 ι
510 3182 618 3234 lesse*
665 3186 776 3252 fruitur,
793 3187 928 3256 posuitque
939 3203 997 3238 suss
1008 3183 1056 3237 hoc
1066 3195 1170 3249 pectore

115 3255 173 3307 rina
181 3256 267 3322 gemit.
277 3254 402 3310 Conscius
411 3255 528 3325 offense,
538 3257 617 3311 morti
665 3263 747 3318 sedes.
758 3286 771 3311 s

114 3333 253 3404 pretendit
272 3334 391 3406 Ulysses.
405 3378 410 3388 .
423 3374 447 3389 ..
462 3336 617 3392 Leucothea
699 3345 738 3396 28.
754 3344 908 3409 Qnr‘poeoaro
920 3340 994 3405 cultro
1004 3358 1054 3392 nou
1066 3360 1170 3395 meruere

114 3410 289 3465 vittamoetc.
545 3419 560 3439 ‘
661 3414 977 3490 pati.Par1'scribendum
992 3434 1051 3469 curn
1068 3418 1168 3474 Feschii

146 3512 184 3543 αα.
201 3493 326 3544 hennae,
343 3493 459 3543 Gronau!
471 3490 577 3544 Fames.
590 3503 617 3544 et
665 3497 752 3552 codiee
766 3508 793 3551 et
804 3493 940 3546 Thoaneo.
952 3493 1052 3547 timus.

113 3581 175 3625 tnnc
187 3569 291 3624 maliem
305 3568 383 3622 etiam
394 3574 496 3637 lapsos,
508 3569 549 3622 vol
560 3573 614 3623 las·
697 3574 737 3625 31.
750 3574 830 3639 Quum
837 3579 942 3637 percon!
952 3572 1167 3639 bellosom'sst‘ma

114 3667 171 3714 sos,
185 3670 233 3718 pro
246 3654 329 3702 Iasos.
341 3648 439 3702 Bunnt.
659 3660 771 3717 pectora.
781 3648 862 3719 Quod
871 3659 896 3701 et
907 3649 1026 3703 Priamus
1035 3649 1165 3722 deplorat,

143 3728 258 3790 adduas.
268 3730 321 3781 Suo
327 3725 451 3780 Heinsius
461 3723 596 3779 maluerat.
665 3728 736 3783 ttiad,
749 3739 774 3782 Ω.
787 3748 792 3781 :
806 3750 819 3774 o
834 3728 916 3782 Primi
928 3737 1067 3797 natorum,
1080 3730 1168 3783 sortis-

143 3805 181 3854 25.
189 3805 278 3867 Cesar,
280 3805 356 3871 lacto
363 3807 616 3870 demamorereoplo.
663 3806 728 3858 sinna
741 3816 861 3875 pectora,
875 3806 940 3861 cui.
954 3806 1006 3860 Hei
1022 3807 1104 3860 mihi!
1120 3803 1163 3871 qui

115 3880 156 3933 De
171 3880 220 3934 hoc
235 3881 331 3950 templo
345 3883 410 3938 nihil
425 3882 483 3952 legi.
500 3881 614 3935 Proinde
663 3881 806 3952 superant?
818 3883 923 3937 semivir
936 3884 983 3939 itte
995 3884 1097 3937 Poris.»

115 3959 273 4022 videndum,
289 3978 321 4011 an
336 3961 367 4013 ad
381 3961 509 4030 tempium
523 3960 616 4014 Martis
695 3961 734 4013 32.
747 3963 972 4015 Delectnsdlom's.
983 3954 1108 4013 Nonnulli
1121 3957 1164 4007 δι’·

116 4040 215 4095 Ultoris
226 4039 446 4111 adluseritpoeta‚
458 4038 528 4110 quod
536 4041 567 4095 ab
575 4043 616 4095 ui·
662 4042 747 4092 declus·
761 4038 858 4094 Hssttts.
