<?xml version="1.0" encoding="UTF-8"?>
<!DOCTYPE html PUBLIC "-//W3C//DTD XHTML 1.0 Transitional//EN"
    "http://www.w3.org/TR/xhtml1/DTD/xhtml1-transitional.dtd">
<html xmlns="http://www.w3.org/1999/xhtml" xml:lang="en" lang="en">
 <head>
  <title>
</title>
<meta http-equiv="Content-Type" content="text/html;charset=utf-8" />
  <meta name='ocr-system' content='tesseract 3.04.00' />
  <meta name='ocr-capabilities' content='ocr_page ocr_carea ocr_par ocr_line ocrx_word'/>
</head>
<body>
  <div class='ocr_page' id='page_1' title='image "./publiiovidiinas04massgoog/publiiovidiinas04massgoog_0197.png"; bbox 0 0 2722 4702; ppageno 0'>
   <div class='ocr_carea' id='block_1_1' title="bbox 271 326 1182 440">
    <p class='ocr_par' dir='ltr' id='par_1_1' title="bbox 271 326 1182 440">
     <span class='ocr_line' id='line_1_1' title="bbox 271 326 1182 440; baseline 0.019 -44"><span class='ocrx_word' id='word_1_1' title='bbox 271 326 536 397; x_wconf 82' lang='lat' dir='ltr'>TRISTIUM</span> <span class='ocrx_word' id='word_1_2' title='bbox 563 330 659 399; x_wconf 86' lang='lat' dir='ltr'><strong>LIB.</strong></span> <span class='ocrx_word' id='word_1_3' title='bbox 687 333 756 402; x_wconf 89' lang='lat' dir='ltr'>1v.</span> <span class='ocrx_word' id='word_1_4' title='bbox 788 333 934 405; x_wconf 82' lang='lat' dir='ltr'>ELEG.</span> <span class='ocrx_word' id='word_1_5' title='bbox 965 342 1034 410; x_wconf 83' lang='lat' dir='ltr'>tx.</span> <span class='ocrx_word' id='word_1_6' title='bbox 1120 348 1182 440; x_wconf 81' lang='lat'>189</span> 
     </span>
    </p>
   </div>
   <div class='ocr_carea' id='block_1_2' title="bbox 127 466 1191 2658">
    <p class='ocr_par' dir='ltr' id='par_1_2' title="bbox 127 466 1191 2658">
     <span class='ocr_line' id='line_1_2' title="bbox 175 466 777 547; baseline 0.005 -5"><span class='ocrx_word' id='word_1_7' title='bbox 175 466 293 542; x_wconf 90' lang='lat' dir='ltr'>Induet</span> <span class='ocrx_word' id='word_1_8' title='bbox 310 466 424 541; x_wconf 82' lang='lat' dir='ltr'>infelix</span> <span class='ocrx_word' id='word_1_9' title='bbox 439 497 527 543; x_wconf 90' lang='lat' dir='ltr'>arma</span> <span class='ocrx_word' id='word_1_10' title='bbox 543 488 655 544; x_wconf 90' lang='lat' dir='ltr'>coacta</span> <span class='ocrx_word' id='word_1_11' title='bbox 673 472 777 547; x_wconf 89' lang='lat' dir='ltr'>dolor.</span> 
     </span>
     <span class='ocr_line' id='line_1_3' title="bbox 127 579 1056 688; baseline 0.015 -32"><span class='ocrx_word' id='word_1_12' title='bbox 127 583 197 656; x_wconf 88' lang='lat' dir='ltr'>Sim</span> <span class='ocrx_word' id='word_1_13' title='bbox 214 583 287 659; x_wconf 90' lang='lat' dir='ltr'>licet</span> <span class='ocrx_word' id='word_1_14' title='bbox 301 603 504 673; x_wconf 83' lang='lat' dir='ltr'>extremum,</span> <span class='ocrx_word' id='word_1_15' title='bbox 523 587 608 660; x_wconf 89' lang='lat' dir='ltr'>sicut</span> <span class='ocrx_word' id='word_1_16' title='bbox 625 616 717 675; x_wconf 85' lang='lat' dir='ltr'>sum,</span> <span class='ocrx_word' id='word_1_17' title='bbox 737 590 855 664; x_wconf 87' lang='lat' dir='ltr'>missus</span> <span class='ocrx_word' id='word_1_18' title='bbox 873 592 909 667; x_wconf 93' lang='lat' dir='ltr'>in</span> <span class='ocrx_word' id='word_1_19' title='bbox 926 579 1056 688; x_wconf 86' lang='lat' dir='ltr'>orbem,</span> 
     </span>
     <span class='ocr_line' id='line_1_4' title="bbox 176 698 863 800; baseline 0.007 -29"><span class='ocrx_word' id='word_1_20' title='bbox 176 701 295 772; x_wconf 89' lang='lat' dir='ltr'>Nostra</span> <span class='ocrx_word' id='word_1_21' title='bbox 311 725 391 774; x_wconf 89' lang='lat' dir='ltr'>suas</span> <span class='ocrx_word' id='word_1_22' title='bbox 406 698 492 772; x_wconf 89' lang='lat' dir='ltr'>istuc</span> <span class='ocrx_word' id='word_1_23' title='bbox 508 701 656 800; x_wconf 79' lang='lat' dir='ltr'>porriget</span> <span class='ocrx_word' id='word_1_24' title='bbox 673 703 721 775; x_wconf 79' lang='lat' dir='ltr'>ira</span> <span class='ocrx_word' id='word_1_25' title='bbox 736 731 863 778; x_wconf 90' lang='lat' dir='ltr'>manus.</span> 
     </span>
     <span class='ocr_line' id='line_1_5' title="bbox 128 819 936 924; baseline 0.005 -31"><span class='ocrx_word' id='word_1_26' title='bbox 128 819 267 907; x_wconf 82' lang='lat' dir='ltr'>Omnia,</span> <span class='ocrx_word' id='word_1_27' title='bbox 283 819 311 894; x_wconf 92' lang='lat' dir='ltr'>si</span> <span class='ocrx_word' id='word_1_28' title='bbox 328 819 454 907; x_wconf 88' lang='lat' dir='ltr'>nescis,</span> <span class='ocrx_word' id='word_1_29' title='bbox 473 821 581 894; x_wconf 77' lang='lat' dir='ltr'>Caesar</span> <span class='ocrx_word' id='word_1_30' title='bbox 596 821 677 894; x_wconf 91' lang='lat' dir='ltr'>mihi</span> <span class='ocrx_word' id='word_1_31' title='bbox 693 822 763 918; x_wconf 88' lang='lat' dir='ltr'>jura</span> <span class='ocrx_word' id='word_1_32' title='bbox 780 821 936 924; x_wconf 85' lang='lat' dir='ltr'>reliquit,</span> 
     </span>
     <span class='ocr_line' id='line_1_6' title="bbox 176 933 839 1036; baseline 0.015 -32"><span class='ocrx_word' id='word_1_33' title='bbox 176 935 222 1005; x_wconf 84' lang='lat' dir='ltr'>Et</span> <span class='ocrx_word' id='word_1_34' title='bbox 237 933 305 1008; x_wconf 86' lang='lat' dir='ltr'>sola</span> <span class='ocrx_word' id='word_1_35' title='bbox 322 951 373 1009; x_wconf 89' lang='lat' dir='ltr'>est</span> <span class='ocrx_word' id='word_1_36' title='bbox 387 936 495 1034; x_wconf 85' lang='lat' dir='ltr'>patria</span> <span class='ocrx_word' id='word_1_37' title='bbox 512 963 610 1036; x_wconf 77' lang='lat' dir='ltr'>prena</span> <span class='ocrx_word' id='word_1_38' title='bbox 627 964 733 1012; x_wconf 89' lang='lat' dir='ltr'>carere</span> <span class='ocrx_word' id='word_1_39' title='bbox 747 968 839 1013; x_wconf 90' lang='lat' dir='ltr'>mea:</span> 
     </span>
     <span class='ocr_line' id='line_1_7' title="bbox 127 1050 1009 1154; baseline 0.014 -34"><span class='ocrx_word' id='word_1_40' title='bbox 127 1050 177 1120; x_wconf 88' lang='lat' dir='ltr'>Et</span> <span class='ocrx_word' id='word_1_41' title='bbox 191 1050 345 1149; x_wconf 85' lang='lat' dir='ltr'>patriam,</span> <span class='ocrx_word' id='word_1_42' title='bbox 364 1051 464 1124; x_wconf 90' lang='lat' dir='ltr'>modo</span> <span class='ocrx_word' id='word_1_43' title='bbox 480 1052 524 1124; x_wconf 87' lang='lat' dir='ltr'>sit</span> <span class='ocrx_word' id='word_1_44' title='bbox 538 1079 670 1153; x_wconf 84' lang='lat' dir='ltr'>sospes,</span> <span class='ocrx_word' id='word_1_45' title='bbox 690 1082 858 1154; x_wconf 88' lang='lat' dir='ltr'>speramus</span> <span class='ocrx_word' id='word_1_46' title='bbox 872 1055 915 1130; x_wconf 88' lang='lat' dir='ltr'>ab</span> <span class='ocrx_word' id='word_1_47' title='bbox 930 1053 1009 1132; x_wconf 77' lang='lat' dir='ltr'>illoc</span> 
     </span>
     <span class='ocr_line' id='line_1_8' title="bbox 179 1164 860 1267; baseline 0.01 -30"><span class='ocrx_word' id='word_1_48' title='bbox 179 1164 270 1264; x_wconf 82' lang='lat' dir='ltr'>Saepe</span> <span class='ocrx_word' id='word_1_49' title='bbox 283 1166 376 1240; x_wconf 83' lang='lat' dir='ltr'>Joris</span> <span class='ocrx_word' id='word_1_50' title='bbox 392 1166 459 1240; x_wconf 89' lang='lat' dir='ltr'>telo</span> <span class='ocrx_word' id='word_1_51' title='bbox 478 1196 617 1267; x_wconf 87' lang='lat' dir='ltr'>quercus</span> <span class='ocrx_word' id='word_1_52' title='bbox 633 1169 748 1243; x_wconf 83' lang='lat' dir='ltr'>adusta</span> <span class='ocrx_word' id='word_1_53' title='bbox 769 1171 860 1244; x_wconf 81' lang='lat' dir='ltr'>viret.</span> 
     </span>
     <span class='ocr_line' id='line_1_9' title="bbox 128 1281 1188 1382; baseline 0.008 -28"><span class='ocrx_word' id='word_1_54' title='bbox 128 1281 299 1382; x_wconf 83' lang='lat' dir='ltr'>Denique,</span> <span class='ocrx_word' id='word_1_55' title='bbox 317 1282 466 1357; x_wconf 74' lang='lat' dir='ltr'>vindicte</span> <span class='ocrx_word' id='word_1_56' title='bbox 482 1284 510 1357; x_wconf 90' lang='lat' dir='ltr'>si</span> <span class='ocrx_word' id='word_1_57' title='bbox 528 1284 569 1357; x_wconf 88' lang='lat' dir='ltr'>sit</span> <span class='ocrx_word' id='word_1_58' title='bbox 584 1285 665 1357; x_wconf 92' lang='lat' dir='ltr'>mibi</span> <span class='ocrx_word' id='word_1_59' title='bbox 681 1283 772 1358; x_wconf 91' lang='lat' dir='ltr'>nulla</span> <span class='ocrx_word' id='word_1_60' title='bbox 790 1286 945 1378; x_wconf 80' lang='lat' dir='ltr'><strong>facultas,</strong></span> <span class='ocrx_word' id='word_1_61' title='bbox 1159 1310 1188 1362; x_wconf 84' lang='lat'>15</span> 
     </span>
     <span class='ocr_line' id='line_1_10' title="bbox 178 1399 788 1474; baseline 0.002 -2"><span class='ocrx_word' id='word_1_62' title='bbox 178 1399 325 1474; x_wconf 83' lang='lat' dir='ltr'>Pierides</span> <span class='ocrx_word' id='word_1_63' title='bbox 343 1399 426 1474; x_wconf 87' lang='lat' dir='ltr'>vires</span> <span class='ocrx_word' id='word_1_64' title='bbox 443 1418 476 1474; x_wconf 89' lang='lat' dir='ltr'>et</span> <span class='ocrx_word' id='word_1_65' title='bbox 495 1428 554 1474; x_wconf 90' lang='lat' dir='ltr'>sua</span> <span class='ocrx_word' id='word_1_66' title='bbox 572 1400 636 1474; x_wconf 89' lang='lat' dir='ltr'>tela</span> <span class='ocrx_word' id='word_1_67' title='bbox 652 1401 788 1473; x_wconf 88' lang='lat' dir='ltr'>dabunt.</span> 
     </span>
     <span class='ocr_line' id='line_1_11' title="bbox 130 1514 976 1616; baseline 0.007 -30"><span class='ocrx_word' id='word_1_68' title='bbox 130 1515 179 1586; x_wconf 87' lang='lat' dir='ltr'>Ut</span> <span class='ocrx_word' id='word_1_69' title='bbox 192 1514 351 1616; x_wconf 80' lang='lat' dir='ltr'>Scythicis</span> <span class='ocrx_word' id='word_1_70' title='bbox 367 1515 514 1592; x_wconf 87' lang='lat' dir='ltr'>habitem</span> <span class='ocrx_word' id='word_1_71' title='bbox 531 1517 628 1612; x_wconf 84' lang='lat' dir='ltr'>longe</span> <span class='ocrx_word' id='word_1_72' title='bbox 645 1518 820 1592; x_wconf 87' lang='lat' dir='ltr'>submotus</span> <span class='ocrx_word' id='word_1_73' title='bbox 837 1519 871 1591; x_wconf 90' lang='lat' dir='ltr'>iu</span> <span class='ocrx_word' id='word_1_74' title='bbox 891 1519 976 1607; x_wconf 86' lang='lat' dir='ltr'>oris,</span> 
     </span>
     <span class='ocr_line' id='line_1_12' title="bbox 179 1629 933 1734; baseline 0.007 -33"><span class='ocrx_word' id='word_1_75' title='bbox 179 1629 334 1732; x_wconf 82' lang='lat' dir='ltr'>Siccaque</span> <span class='ocrx_word' id='word_1_76' title='bbox 349 1633 418 1706; x_wconf 90' lang='lat' dir='ltr'>sint</span> <span class='ocrx_word' id='word_1_77' title='bbox 434 1632 540 1707; x_wconf 87' lang='lat' dir='ltr'>oculis</span> <span class='ocrx_word' id='word_1_78' title='bbox 559 1632 708 1734; x_wconf 83' lang='lat' dir='ltr'>proxima</span> <span class='ocrx_word' id='word_1_79' title='bbox 727 1634 819 1729; x_wconf 82' lang='lat' dir='ltr'>sigua</span> <span class='ocrx_word' id='word_1_80' title='bbox 835 1634 933 1720; x_wconf 88' lang='lat' dir='ltr'>mcis;</span> 
     </span>
     <span class='ocr_line' id='line_1_13' title="bbox 129 1748 957 1851; baseline 0.007 -32"><span class='ocrx_word' id='word_1_81' title='bbox 129 1749 251 1821; x_wconf 84' lang='lat' dir='ltr'>Nostra</span> <span class='ocrx_word' id='word_1_82' title='bbox 268 1777 327 1847; x_wconf 87' lang='lat' dir='ltr'>per</span> <span class='ocrx_word' id='word_1_83' title='bbox 344 1748 515 1823; x_wconf 87' lang='lat' dir='ltr'>immensas</span> <span class='ocrx_word' id='word_1_84' title='bbox 533 1749 631 1825; x_wconf 89' lang='lat' dir='ltr'>ibunt</span> <span class='ocrx_word' id='word_1_85' title='bbox 648 1750 808 1851; x_wconf 81' lang='lat' dir='ltr'>praeconia</span> <span class='ocrx_word' id='word_1_86' title='bbox 824 1768 957 1846; x_wconf 83' lang='lat' dir='ltr'><strong>gentes,</strong></span> 
     </span>
     <span class='ocr_line' id='line_1_14' title="bbox 181 1863 1191 1968; baseline 0.008 -35"><span class='ocrx_word' id='word_1_87' title='bbox 181 1863 348 1962; x_wconf 85' lang='lat' dir='ltr'>Quodque</span> <span class='ocrx_word' id='word_1_88' title='bbox 366 1892 499 1963; x_wconf 86' lang='lat' dir='ltr'>querar,</span> <span class='ocrx_word' id='word_1_89' title='bbox 515 1882 648 1949; x_wconf 83' lang='lat' dir='ltr'>notum,</span> <span class='ocrx_word' id='word_1_90' title='bbox 669 1894 732 1965; x_wconf 87' lang='lat' dir='ltr'>qua</span> <span class='ocrx_word' id='word_1_91' title='bbox 748 1885 839 1968; x_wconf 90' lang='lat' dir='ltr'>patet</span> <span class='ocrx_word' id='word_1_92' title='bbox 855 1867 961 1955; x_wconf 82' lang='lat' dir='ltr'>orbis,</span> <span class='ocrx_word' id='word_1_93' title='bbox 978 1868 1058 1944; x_wconf 86' lang='lat' dir='ltr'>erit:</span> <span class='ocrx_word' id='word_1_94' title='bbox 1156 1905 1191 1942; x_wconf 76' lang='lat' dir='ltr'>uo</span> 
     </span>
     <span class='ocr_line' id='line_1_15' title="bbox 129 1976 981 2081; baseline 0.007 -32"><span class='ocrx_word' id='word_1_95' title='bbox 129 1977 205 2050; x_wconf 89' lang='lat' dir='ltr'>lbit</span> <span class='ocrx_word' id='word_1_96' title='bbox 221 1976 262 2050; x_wconf 88' lang='lat' dir='ltr'>ad</span> <span class='ocrx_word' id='word_1_97' title='bbox 279 2005 447 2064; x_wconf 82' lang='lat' dir='ltr'>occasum,</span> <span class='ocrx_word' id='word_1_98' title='bbox 465 1980 625 2081; x_wconf 85' lang='lat' dir='ltr'>quidquid</span> <span class='ocrx_word' id='word_1_99' title='bbox 644 1980 805 2068; x_wconf 84' lang='lat' dir='ltr'>dicemus,</span> <span class='ocrx_word' id='word_1_100' title='bbox 824 1983 866 2054; x_wconf 89' lang='lat' dir='ltr'>ab</span> <span class='ocrx_word' id='word_1_101' title='bbox 885 2000 981 2073; x_wconf 80' lang='lat' dir='ltr'>ortu3</span> 
     </span>
     <span class='ocr_line' id='line_1_16' title="bbox 183 2091 820 2195; baseline 0.008 -32"><span class='ocrx_word' id='word_1_102' title='bbox 183 2091 292 2165; x_wconf 85' lang='lat' dir='ltr'>Testis</span> <span class='ocrx_word' id='word_1_103' title='bbox 309 2111 341 2165; x_wconf 86' lang='lat' dir='ltr'>et</span> <span class='ocrx_word' id='word_1_104' title='bbox 358 2094 525 2195; x_wconf 74' lang='lat' dir='ltr'>Hesperie</span> <span class='ocrx_word' id='word_1_105' title='bbox 541 2098 628 2170; x_wconf 85' lang='lat' dir='ltr'>vocis</span> <span class='ocrx_word' id='word_1_106' title='bbox 640 2099 734 2170; x_wconf 86' lang='lat' dir='ltr'>Eous</span> <span class='ocrx_word' id='word_1_107' title='bbox 749 2097 820 2169; x_wconf 89' lang='lat' dir='ltr'>erit.</span> 
     </span>
     <span class='ocr_line' id='line_1_17' title="bbox 129 2209 978 2306; baseline 0.006 -27"><span class='ocrx_word' id='word_1_108' title='bbox 129 2209 237 2284; x_wconf 84' lang='lat' dir='ltr'>Trans</span> <span class='ocrx_word' id='word_1_109' title='bbox 254 2239 316 2306; x_wconf 83' lang='lat' dir='ltr'>ego</span> <span class='ocrx_word' id='word_1_110' title='bbox 335 2210 504 2299; x_wconf 84' lang='lat' dir='ltr'>tellurem,</span> <span class='ocrx_word' id='word_1_111' title='bbox 522 2211 704 2286; x_wconf 84' lang='lat' dir='ltr'>translatas</span> <span class='ocrx_word' id='word_1_112' title='bbox 721 2211 835 2284; x_wconf 89' lang='lat' dir='ltr'>audiar</span> <span class='ocrx_word' id='word_1_113' title='bbox 853 2211 978 2300; x_wconf 83' lang='lat' dir='ltr'>undas3</span> 
     </span>
     <span class='ocr_line' id='line_1_18' title="bbox 179 2327 875 2423; baseline 0 -24"><span class='ocrx_word' id='word_1_114' title='bbox 179 2328 222 2399; x_wconf 89' lang='lat' dir='ltr'>Et</span> <span class='ocrx_word' id='word_1_115' title='bbox 240 2327 380 2423; x_wconf 80' lang='lat' dir='ltr'>gemitus</span> <span class='ocrx_word' id='word_1_116' title='bbox 396 2356 460 2399; x_wconf 82' lang='lat' dir='ltr'>vox</span> <span class='ocrx_word' id='word_1_117' title='bbox 476 2344 526 2402; x_wconf 90' lang='lat' dir='ltr'>est</span> <span class='ocrx_word' id='word_1_118' title='bbox 540 2356 655 2423; x_wconf 81' lang='lat' dir='ltr'>magna</span> <span class='ocrx_word' id='word_1_119' title='bbox 673 2327 783 2401; x_wconf 84' lang='lat' dir='ltr'>futura</span> <span class='ocrx_word' id='word_1_120' title='bbox 801 2327 875 2400; x_wconf 89' lang='lat' dir='ltr'>mei.</span> 
     </span>
     <span class='ocr_line' id='line_1_19' title="bbox 131 2440 1189 2516; baseline -0.001 -1"><span class='ocrx_word' id='word_1_121' title='bbox 131 2442 200 2515; x_wconf 90' lang='lat' dir='ltr'>Nec</span> <span class='ocrx_word' id='word_1_122' title='bbox 217 2459 272 2514; x_wconf 90' lang='lat' dir='ltr'>tua</span> <span class='ocrx_word' id='word_1_123' title='bbox 291 2459 321 2514; x_wconf 91' lang='lat' dir='ltr'>tc</span> <span class='ocrx_word' id='word_1_124' title='bbox 339 2458 468 2515; x_wconf 84' lang='lat' dir='ltr'>sontem</span> <span class='ocrx_word' id='word_1_125' title='bbox 486 2441 713 2516; x_wconf 87' lang='lat' dir='ltr'>tantummodo</span> <span class='ocrx_word' id='word_1_126' title='bbox 729 2440 837 2515; x_wconf 88' lang='lat' dir='ltr'>secula</span> <span class='ocrx_word' id='word_1_127' title='bbox 852 2441 984 2515; x_wconf 83' lang='lat' dir='ltr'>norint:</span> <span class='ocrx_word' id='word_1_128' title='bbox 1157 2461 1189 2514; x_wconf 78' lang='lat'>25</span> 
     </span>
     <span class='ocr_line' id='line_1_20' title="bbox 179 2555 801 2658; baseline 0.002 -29"><span class='ocrx_word' id='word_1_129' title='bbox 179 2556 347 2657; x_wconf 66' lang='lat' dir='ltr'>Perpetua}</span> <span class='ocrx_word' id='word_1_130' title='bbox 365 2555 485 2630; x_wconf 89' lang='lat' dir='ltr'>crimen</span> <span class='ocrx_word' id='word_1_131' title='bbox 503 2555 708 2658; x_wconf 85' lang='lat' dir='ltr'>posteritatis</span> <span class='ocrx_word' id='word_1_132' title='bbox 728 2557 801 2632; x_wconf 86' lang='lat' dir='ltr'>eris.</span> 
     </span>
    </p>
   </div>
   <div class='ocr_carea' id='block_1_3' title="bbox 131 2727 1191 4129">
    <p class='ocr_par' dir='ltr' id='par_1_3' title="bbox 131 2727 1191 4129">
     <span class='ocr_line' id='line_1_21' title="bbox 168 2727 1188 2801; baseline 0.003 -21"><span class='ocrx_word' id='word_1_133' title='bbox 168 2749 202 2780; x_wconf 90' lang='lat'>11.</span> <span class='ocrx_word' id='word_1_134' title='bbox 212 2731 303 2782; x_wconf 84' lang='lat' dir='ltr'>Omnia</span> <span class='ocrx_word' id='word_1_135' title='bbox 306 2730 367 2794; x_wconf 77' lang='lat' dir='ltr'>jura</span> <span class='ocrx_word' id='word_1_136' title='bbox 374 2733 544 2795; x_wconf 75' lang='lat' dir='ltr'>mibr&#39;reliqur&#39;l.</span> <span class='ocrx_word' id='word_1_137' title='bbox 551 2727 637 2798; x_wconf 87' lang='lat' dir='ltr'>Quod</span> <span class='ocrx_word' id='word_1_138' title='bbox 685 2729 749 2783; x_wconf 82' lang='lat' dir='ltr'>meis</span> <span class='ocrx_word' id='word_1_139' title='bbox 759 2731 930 2785; x_wconf 79' lang='lat' dir='ltr'>celebrabitur</span> <span class='ocrx_word' id='word_1_140' title='bbox 940 2749 988 2801; x_wconf 82' lang='lat' dir='ltr'>per</span> <span class='ocrx_word' id='word_1_141' title='bbox 1001 2740 1088 2784; x_wconf 86' lang='lat' dir='ltr'>toturn</span> <span class='ocrx_word' id='word_1_142' title='bbox 1100 2740 1188 2783; x_wconf 78' lang='lat' dir='ltr'>terra·-</span> 
     </span>
     <span class='ocr_line' id='line_1_22' title="bbox 131 2806 897 2874; baseline 0 -16"><span class='ocrx_word' id='word_1_143' title='bbox 131 2808 307 2874; x_wconf 84' lang='lat' dir='ltr'>jusestriviiu</span> <span class='ocrx_word' id='word_1_144' title='bbox 315 2806 637 2861; x_wconf 83' lang='lat' dir='ltr'>maledicumetobtrecta·</span> <span class='ocrx_word' id='word_1_145' title='bbox 685 2827 744 2861; x_wconf 90' lang='lat' dir='ltr'>rum</span> <span class='ocrx_word' id='word_1_146' title='bbox 757 2810 856 2861; x_wconf 90' lang='lat' dir='ltr'>orbem.</span> <span class='ocrx_word' id='word_1_147' title='bbox 867 2810 897 2860; x_wconf 89' lang='lat' dir='ltr'>P.</span> 
     </span>
     <span class='ocr_line' id='line_1_23' title="bbox 131 2885 1189 2954; baseline -0.004 -14"><span class='ocrx_word' id='word_1_148' title='bbox 131 2899 218 2940; x_wconf 84' lang='lat' dir='ltr'>torem</span> <span class='ocrx_word' id='word_1_149' title='bbox 226 2926 233 2954; x_wconf 81' lang='lat'>‚</span> <span class='ocrx_word' id='word_1_150' title='bbox 241 2888 291 2939; x_wconf 90' lang='lat' dir='ltr'>hoc</span> <span class='ocrx_word' id='word_1_151' title='bbox 300 2887 363 2939; x_wconf 91' lang='lat' dir='ltr'>mibi</span> <span class='ocrx_word' id='word_1_152' title='bbox 373 2886 461 2941; x_wconf 80' lang='lat' dir='ltr'>Cacsar</span> <span class='ocrx_word' id='word_1_153' title='bbox 469 2905 522 2937; x_wconf 92' lang='lat' dir='ltr'>non</span> <span class='ocrx_word' id='word_1_154' title='bbox 531 2885 638 2937; x_wconf 85' lang='lat' dir='ltr'>ademit.</span> <span class='ocrx_word' id='word_1_155' title='bbox 717 2907 756 2938; x_wconf 78' lang='lat' dir='ltr'>aa.</span> <span class='ocrx_word' id='word_1_156' title='bbox 770 2890 845 2937; x_wconf 82' lang='lat' dir='ltr'>Vocis</span> <span class='ocrx_word' id='word_1_157' title='bbox 855 2888 985 2948; x_wconf 79' lang='lat' dir='ltr'>Hesperie.</span> <span class='ocrx_word' id='word_1_158' title='bbox 998 2886 1129 2939; x_wconf 81' lang='lat' dir='ltr'>Carminis</span> <span class='ocrx_word' id='word_1_159' title='bbox 1138 2885 1189 2937; x_wconf 81' lang='lat' dir='ltr'>La·</span> 
     </span>
     <span class='ocr_line' id='line_1_24' title="bbox 133 2958 1189 3033; baseline 0 -17"><span class='ocrx_word' id='word_1_160' title='bbox 133 2966 170 3016; x_wconf 90' lang='lat' dir='ltr'>ln</span> <span class='ocrx_word' id='word_1_161' title='bbox 184 2963 222 3030; x_wconf 77' lang='lat' dir='ltr'>ina</span> <span class='ocrx_word' id='word_1_162' title='bbox 234 2982 283 3033; x_wconf 83' lang='lat' dir='ltr'>per</span> <span class='ocrx_word' id='word_1_163' title='bbox 300 2963 391 3019; x_wconf 83' lang='lat' dir='ltr'>amicos</span> <span class='ocrx_word' id='word_1_164' title='bbox 402 2974 557 3017; x_wconf 78' lang='lat' dir='ltr'>vocaturum</span> <span class='ocrx_word' id='word_1_165' title='bbox 570 2958 640 3015; x_wconf 78' lang='lat' dir='ltr'>sub·</span> <span class='ocrx_word' id='word_1_166' title='bbox 685 2963 859 3018; x_wconf 82' lang='lat' dir='ltr'>tini.Mrn.-</span> <span class='ocrx_word' id='word_1_167' title='bbox 866 2963 978 3014; x_wconf 77' lang='lat' dir='ltr'>Yesn&#39;see</span> <span class='ocrx_word' id='word_1_168' title='bbox 984 2966 1115 3030; x_wconf 74' lang='lat' dir='ltr'>Hesperie.</span> <span class='ocrx_word' id='word_1_169' title='bbox 1125 2963 1189 3016; x_wconf 90' lang='lat' dir='ltr'>He-</span> 
     </span>
     <span class='ocr_line' id='line_1_25' title="bbox 133 3037 1189 3111; baseline -0.003 -18"><span class='ocrx_word' id='word_1_170' title='bbox 133 3040 240 3094; x_wconf 87' lang='lat' dir='ltr'>indicat.</span> <span class='ocrx_word' id='word_1_171' title='bbox 253 3042 283 3093; x_wconf 88' lang='lat' dir='ltr'>P.</span> <span class='ocrx_word' id='word_1_172' title='bbox 684 3040 894 3111; x_wconf 86' lang='lat' dir='ltr'>speriamvorem</span> <span class='ocrx_word' id='word_1_173' title='bbox 906 3037 1032 3105; x_wconf 72' lang='lat' dir='ltr'>intellige,</span> <span class='ocrx_word' id='word_1_174' title='bbox 1048 3058 1101 3090; x_wconf 94' lang='lat' dir='ltr'>uon</span> <span class='ocrx_word' id='word_1_175' title='bbox 1117 3038 1189 3090; x_wconf 86' lang='lat' dir='ltr'>Lati-</span> 
     </span>
     <span class='ocr_line' id='line_1_26' title="bbox 174 3114 1190 3185; baseline 0 -15"><span class='ocrx_word' id='word_1_176' title='bbox 174 3120 211 3171; x_wconf 75' lang='lat'>13.</span> <span class='ocrx_word' id='word_1_177' title='bbox 226 3122 261 3170; x_wconf 81' lang='lat' dir='ltr'>Et</span> <span class='ocrx_word' id='word_1_178' title='bbox 268 3123 388 3185; x_wconf 71' lang='lat' dir='ltr'>petralem,</span> <span class='ocrx_word' id='word_1_179' title='bbox 404 3121 477 3173; x_wconf 78' lang='lat' dir='ltr'>modo</span> <span class='ocrx_word' id='word_1_180' title='bbox 493 3121 529 3169; x_wconf 80' lang='lat' dir='ltr'>si!</span> <span class='ocrx_word' id='word_1_181' title='bbox 544 3135 638 3184; x_wconf 78' lang='lat' dir='ltr'>sospes.</span> <span class='ocrx_word' id='word_1_182' title='bbox 685 3139 746 3174; x_wconf 83' lang='lat' dir='ltr'>nam</span> <span class='ocrx_word' id='word_1_183' title='bbox 760 3114 1005 3180; x_wconf 80' lang='lat' dir='ltr'>tautum,sedeem</span> <span class='ocrx_word' id='word_1_184' title='bbox 1019 3117 1114 3182; x_wconf 80' lang='lat' dir='ltr'>quaein</span> <span class='ocrx_word' id='word_1_185' title='bbox 1131 3118 1190 3170; x_wconf 89' lang='lat' dir='ltr'>He-</span> 
     </span>
     <span class='ocr_line' id='line_1_27' title="bbox 134 3191 1191 3266; baseline -0.003 -15"><span class='ocrx_word' id='word_1_186' title='bbox 134 3196 509 3263; x_wconf 71' lang='lat' dir='ltr'>feodosospeserievaeicanus</span> <span class='ocrx_word' id='word_1_187' title='bbox 518 3196 639 3264; x_wconf 76' lang='lat' dir='ltr'>optimus.</span> <span class='ocrx_word' id='word_1_188' title='bbox 685 3191 1191 3266; x_wconf 80' lang='lat' dir='ltr'>speria,bocest,orcidenteedetur.Ut</span> 
     </span>
     <span class='ocr_line' id='line_1_28' title="bbox 133 3268 1188 3346; baseline -0.003 -17"><span class='ocrx_word' id='word_1_189' title='bbox 133 3274 227 3329; x_wconf 81' lang='lat' dir='ltr'>Scribe</span> <span class='ocrx_word' id='word_1_190' title='bbox 234 3283 384 3341; x_wconf 80' lang='lat' dir='ltr'>sospesea!,·</span> <span class='ocrx_word' id='word_1_191' title='bbox 396 3274 461 3328; x_wconf 81' lang='lat' dir='ltr'>Fast.</span> <span class='ocrx_word' id='word_1_192' title='bbox 471 3274 517 3332; x_wconf 87' lang='lat' dir='ltr'>lV,</span> <span class='ocrx_word' id='word_1_193' title='bbox 528 3293 565 3325; x_wconf 82' lang='lat' dir='ltr'>vs.</span> <span class='ocrx_word' id='word_1_194' title='bbox 575 3276 637 3346; x_wconf 75' lang='lat'>519,</span> <span class='ocrx_word' id='word_1_195' title='bbox 685 3274 717 3326; x_wconf 81' lang='lat' dir='ltr'>sit</span> <span class='ocrx_word' id='word_1_196' title='bbox 724 3272 822 3324; x_wconf 86' lang='lat' dir='ltr'>dictum</span> <span class='ocrx_word' id='word_1_197' title='bbox 831 3289 837 3320; x_wconf 75' lang='grc' dir='ltr'><strong>ε</strong></span> <span class='ocrx_word' id='word_1_198' title='bbox 846 3270 902 3335; x_wconf 83' lang='lat' dir='ltr'>ejus</span> <span class='ocrx_word' id='word_1_199' title='bbox 912 3268 979 3319; x_wconf 86' lang='lat' dir='ltr'>vocis</span> <span class='ocrx_word' id='word_1_200' title='bbox 987 3307 993 3330; x_wconf 84' lang='lat'>‚</span> <span class='ocrx_word' id='word_1_201' title='bbox 1002 3270 1054 3321; x_wconf 82' lang='lat' dir='ltr'>sive</span> <span class='ocrx_word' id='word_1_202' title='bbox 1063 3271 1188 3342; x_wconf 70' lang='lat' dir='ltr'>querela,</span> 
     </span>
     <span class='ocr_line' id='line_1_29' title="bbox 132 3345 1191 3424; baseline -0.001 -18"><span class='ocrx_word' id='word_1_203' title='bbox 132 3356 225 3421; x_wconf 79' lang='lat' dir='ltr'>Sospes</span> <span class='ocrx_word' id='word_1_204' title='bbox 235 3375 281 3407; x_wconf 87' lang='lat' dir='ltr'>ees</span> <span class='ocrx_word' id='word_1_205' title='bbox 291 3374 428 3424; x_wconf 73' lang='lat' dir='ltr'>semperque</span> <span class='ocrx_word' id='word_1_206' title='bbox 434 3375 535 3423; x_wconf 78' lang='lat' dir='ltr'>parens.</span> <span class='ocrx_word' id='word_1_207' title='bbox 550 3353 586 3406; x_wconf 82' lang='lat' dir='ltr'>ll.</span> <span class='ocrx_word' id='word_1_208' title='bbox 686 3369 744 3417; x_wconf 85' lang='lat' dir='ltr'>qnae</span> <span class='ocrx_word' id='word_1_209' title='bbox 757 3350 782 3401; x_wconf 91' lang='lat' dir='ltr'>in</span> <span class='ocrx_word' id='word_1_210' title='bbox 796 3346 929 3400; x_wconf 81' lang='lat' dir='ltr'>occidente</span> <span class='ocrx_word' id='word_1_211' title='bbox 941 3345 1048 3412; x_wconf 86' lang='lat' dir='ltr'>edetur,</span> <span class='ocrx_word' id='word_1_212' title='bbox 1058 3348 1128 3402; x_wconf 81' lang='lat' dir='ltr'>testis</span> <span class='ocrx_word' id='word_1_213' title='bbox 1140 3351 1191 3405; x_wconf 86' lang='lat' dir='ltr'>erlt</span> 
     </span>
     <span class='ocr_line' id='line_1_30' title="bbox 169 3424 1189 3499; baseline -0.008 -12"><span class='ocrx_word' id='word_1_214' title='bbox 169 3434 206 3487; x_wconf 83' lang='lat'>16.</span> <span class='ocrx_word' id='word_1_215' title='bbox 222 3436 311 3486; x_wconf 77' lang='lat' dir='ltr'>Elsue</span> <span class='ocrx_word' id='word_1_216' title='bbox 319 3438 376 3487; x_wconf 77' lang='lat' dir='ltr'>tela.</span> <span class='ocrx_word' id='word_1_217' title='bbox 387 3432 477 3486; x_wconf 84' lang='lat' dir='ltr'>Malim</span> <span class='ocrx_word' id='word_1_218' title='bbox 485 3440 512 3485; x_wconf 82' lang='lat' dir='ltr'>1&#39;n</span> <span class='ocrx_word' id='word_1_219' title='bbox 519 3433 633 3499; x_wconf 76' lang='lat' dir='ltr'>snatele,</span> <span class='ocrx_word' id='word_1_220' title='bbox 687 3428 773 3492; x_wconf 78' lang='lat' dir='ltr'>Eous,</span> <span class='ocrx_word' id='word_1_221' title='bbox 789 3427 840 3480; x_wconf 84' lang='lat' dir='ltr'>sive</span> <span class='ocrx_word' id='word_1_222' title='bbox 854 3424 930 3494; x_wconf 87' lang='lat' dir='ltr'>isqui</span> <span class='ocrx_word' id='word_1_223' title='bbox 945 3426 970 3476; x_wconf 89' lang='lat' dir='ltr'>iu</span> <span class='ocrx_word' id='word_1_224' title='bbox 985 3424 1085 3479; x_wconf 89' lang='lat' dir='ltr'>oriente</span> <span class='ocrx_word' id='word_1_225' title='bbox 1101 3426 1189 3498; x_wconf 77' lang='lat' dir='ltr'>degit;</span> 
     </span>
     <span class='ocr_line' id='line_1_31' title="bbox 133 3507 1172 3582; baseline -0.001 -18"><span class='ocrx_word' id='word_1_226' title='bbox 133 3513 184 3567; x_wconf 88' lang='lat' dir='ltr'>boc</span> <span class='ocrx_word' id='word_1_227' title='bbox 195 3525 232 3567; x_wconf 79' lang='lat' dir='ltr'>est</span> <span class='ocrx_word' id='word_1_228' title='bbox 246 3515 270 3566; x_wconf 91' lang='lat' dir='ltr'>in</span> <span class='ocrx_word' id='word_1_229' title='bbox 284 3531 357 3567; x_wconf 87' lang='lat' dir='ltr'>arma</span> <span class='ocrx_word' id='word_1_230' title='bbox 369 3513 477 3582; x_wconf 76' lang='lat' dir='ltr'>poetica.</span> <span class='ocrx_word' id='word_1_231' title='bbox 489 3513 525 3565; x_wconf 86' lang='grc' dir='ltr'>Η.</span> <span class='ocrx_word' id='word_1_232' title='bbox 588 3572 590 3577; x_wconf 43' lang='grc'><strong>,</strong></span> <span class='ocrx_word' id='word_1_233' title='bbox 686 3520 716 3563; x_wconf 89' lang='lat' dir='ltr'>ut</span> <span class='ocrx_word' id='word_1_234' title='bbox 727 3511 759 3561; x_wconf 78' lang='lat' dir='ltr'>sit</span> <span class='ocrx_word' id='word_1_235' title='bbox 773 3511 884 3567; x_wconf 67' lang='lat' dir='ltr'>imitaris</span> <span class='ocrx_word' id='word_1_236' title='bbox 895 3508 951 3576; x_wconf 82' lang='lat' dir='ltr'>ejus</span> <span class='ocrx_word' id='word_1_237' title='bbox 963 3507 1031 3575; x_wconf 86' lang='lat' dir='ltr'>quod</span> <span class='ocrx_word' id='word_1_238' title='bbox 1044 3509 1172 3576; x_wconf 70' lang='lat' dir='ltr'>precedit.</span> 
     </span>
     <span class='ocr_line' id='line_1_32' title="bbox 171 3589 1191 3662; baseline -0.003 -19"><span class='ocrx_word' id='word_1_239' title='bbox 171 3593 207 3643; x_wconf 79' lang='lat' dir='ltr'>rb.</span> <span class='ocrx_word' id='word_1_240' title='bbox 225 3595 344 3662; x_wconf 71' lang='lat' dir='ltr'>Siccaque</span> <span class='ocrx_word' id='word_1_241' title='bbox 361 3599 415 3646; x_wconf 79' lang='lat' dir='ltr'>sr&#39;n!</span> <span class='ocrx_word' id='word_1_242' title='bbox 431 3596 511 3645; x_wconf 81' lang='lat' dir='ltr'>ocule&#39;s</span> <span class='ocrx_word' id='word_1_243' title='bbox 524 3592 640 3657; x_wconf 76' lang='lat' dir='ltr'>proxe‘u</span> <span class='ocrx_word' id='word_1_244' title='bbox 717 3590 755 3639; x_wconf 82' lang='lat'>23.</span> <span class='ocrx_word' id='word_1_245' title='bbox 765 3589 1191 3640; x_wconf 75' lang='lat' dir='ltr'>Praesaltaseudr&#39;erundas.Trans</span> 
     </span>
     <span class='ocr_line' id='line_1_33' title="bbox 137 3663 1190 3742; baseline -0.002 -24"><span class='ocrx_word' id='word_1_246' title='bbox 137 3671 638 3742; x_wconf 73' lang='lat' dir='ltr'>signa.PerrignaiutelligitUrsamm·</span> <span class='ocrx_word' id='word_1_247' title='bbox 687 3663 1190 3732; x_wconf 67' lang='lat' dir='ltr'>Ietasantiquiquatuorzquodprestat.</span> 
     </span>
     <span class='ocr_line' id='line_1_34' title="bbox 138 3741 1156 3817; baseline 0.001 -25"><span class='ocrx_word' id='word_1_248' title='bbox 138 3746 226 3813; x_wconf 88' lang='lat' dir='ltr'>jorem</span> <span class='ocrx_word' id='word_1_249' title='bbox 232 3757 257 3798; x_wconf 83' lang='lat' dir='ltr'>et</span> <span class='ocrx_word' id='word_1_250' title='bbox 263 3749 404 3806; x_wconf 84' lang='lat' dir='ltr'>minorem.</span> <span class='ocrx_word' id='word_1_251' title='bbox 419 3747 512 3817; x_wconf 84' lang='lat' dir='ltr'>quibus</span> <span class='ocrx_word' id='word_1_252' title='bbox 519 3745 640 3814; x_wconf 77' lang='lat' dir='ltr'>Septem·</span> <span class='ocrx_word' id='word_1_253' title='bbox 721 3744 759 3794; x_wconf 83' lang='lat'>25.</span> <span class='ocrx_word' id='word_1_254' title='bbox 771 3745 809 3794; x_wconf 83' lang='lat' dir='ltr'>Ne</span> <span class='ocrx_word' id='word_1_255' title='bbox 816 3752 859 3794; x_wconf 77' lang='lat' dir='ltr'>tua</span> <span class='ocrx_word' id='word_1_256' title='bbox 869 3752 900 3792; x_wconf 77' lang='lat' dir='ltr'>te.</span> <span class='ocrx_word' id='word_1_257' title='bbox 912 3744 1012 3792; x_wconf 76' lang='lat' dir='ltr'>tt&#39;ectua</span> <span class='ocrx_word' id='word_1_258' title='bbox 1019 3741 1108 3792; x_wconf 74' lang='lat' dir='ltr'>scribe.</span> <span class='ocrx_word' id='word_1_259' title='bbox 1120 3741 1156 3793; x_wconf 82' lang='lat' dir='ltr'>lt.</span> 
     </span>
     <span class='ocr_line' id='line_1_35' title="bbox 138 3820 1190 3892; baseline -0.006 -17"><span class='ocrx_word' id='word_1_260' title='bbox 138 3821 256 3875; x_wconf 88' lang='lat' dir='ltr'>trionem</span> <span class='ocrx_word' id='word_1_261' title='bbox 264 3820 640 3892; x_wconf 71' lang='lat' dir='ltr'>designat-Siccaauternad-</span> <span class='ocrx_word' id='word_1_262' title='bbox 712 3824 1190 3890; x_wconf 68' lang='lat' dir='ltr'>ab.Perpetuaem&#39;menpoderimtlseris.</span> 
     </span>
     <span class='ocr_line' id='line_1_36' title="bbox 135 3897 1188 3974; baseline -0.013 -17"><span class='ocrx_word' id='word_1_263' title='bbox 135 3900 272 3974; x_wconf 65' lang='lat' dir='ltr'>pellamur</span> <span class='ocrx_word' id='word_1_264' title='bbox 282 3938 289 3962; x_wconf 81' lang='lat'>‚</span> <span class='ocrx_word' id='word_1_265' title='bbox 300 3902 356 3969; x_wconf 66' lang='lat' dir='ltr'>qula</span> <span class='ocrx_word' id='word_1_266' title='bbox 364 3921 501 3971; x_wconf 77' lang='lat' dir='ltr'>nunquam</span> <span class='ocrx_word' id='word_1_267' title='bbox 513 3898 639 3955; x_wconf 68' lang='lat' dir='ltr'>umidul-</span> <span class='ocrx_word' id='word_1_268' title='bbox 687 3908 735 3956; x_wconf 77' lang='grc' dir='ltr'>Καὶ</span> <span class='ocrx_word' id='word_1_269' title='bbox 745 3911 790 3959; x_wconf 68' lang='grc' dir='ltr'>τοῖς</span> <span class='ocrx_word' id='word_1_270' title='bbox 801 3902 941 3966; x_wconf 59' lang='grc' dir='ltr'>ἰασομένην</span> <span class='ocrx_word' id='word_1_271' title='bbox 953 3902 1064 3950; x_wconf 65' lang='lat' dir='ltr'>eclisiae·</span> <span class='ocrx_word' id='word_1_272' title='bbox 1078 3897 1188 3948; x_wconf 84' lang='lat' dir='ltr'>llomer.</span> 
     </span>
     <span class='ocr_line' id='line_1_37' title="bbox 171 3975 1190 4047; baseline -0.006 -17"><span class='ocrx_word' id='word_1_273' title='bbox 171 3999 211 4030; x_wconf 81' lang='lat' dir='ltr'>ar.</span> <span class='ocrx_word' id='word_1_274' title='bbox 231 3979 284 4028; x_wconf 79' lang='lat' dir='ltr'>Ibit</span> <span class='ocrx_word' id='word_1_275' title='bbox 299 3983 323 4029; x_wconf 79' lang='lat' dir='ltr'>r&#39;r</span> <span class='ocrx_word' id='word_1_276' title='bbox 338 3998 461 4032; x_wconf 80' lang='lat' dir='ltr'>occasum.</span> <span class='ocrx_word' id='word_1_277' title='bbox 476 3976 639 4047; x_wconf 74' lang='lat' dir='ltr'>Quidquid·</span> <span class='ocrx_word' id='word_1_278' title='bbox 687 3977 756 4045; x_wconf 89' lang='lat' dir='ltr'>quod</span> <span class='ocrx_word' id='word_1_279' title='bbox 768 3988 795 4030; x_wconf 86' lang='lat' dir='ltr'>et</span> <span class='ocrx_word' id='word_1_280' title='bbox 807 3979 834 4029; x_wconf 90' lang='lat' dir='ltr'>in</span> <span class='ocrx_word' id='word_1_281' title='bbox 848 3975 1120 4032; x_wconf 82' lang='lat' dir='ltr'>bouamctinmalam</span> <span class='ocrx_word' id='word_1_282' title='bbox 1129 3986 1190 4036; x_wconf 80' lang='lat' dir='ltr'>par-</span> 
     </span>
     <span class='ocr_line' id='line_1_38' title="bbox 139 4053 883 4129; baseline -0.007 -19"><span class='ocrx_word' id='word_1_283' title='bbox 139 4057 222 4113; x_wconf 84' lang='lat' dir='ltr'>mede</span> <span class='ocrx_word' id='word_1_284' title='bbox 234 4067 259 4111; x_wconf 85' lang='lat' dir='ltr'>te</span> <span class='ocrx_word' id='word_1_285' title='bbox 269 4055 371 4125; x_wconf 86' lang='lat' dir='ltr'>dicitur,</span> <span class='ocrx_word' id='word_1_286' title='bbox 381 4054 407 4109; x_wconf 87' lang='lat' dir='ltr'>id</span> <span class='ocrx_word' id='word_1_287' title='bbox 415 4055 640 4129; x_wconf 76' lang='lat' dir='ltr'>cumaliiucriptis</span> <span class='ocrx_word' id='word_1_288' title='bbox 688 4065 742 4109; x_wconf 85' lang='lat' dir='ltr'>tem</span> <span class='ocrx_word' id='word_1_289' title='bbox 754 4053 883 4122; x_wconf 80' lang='lat' dir='ltr'>accipitur.</span> 
     </span>
    </p>
   </div>
   <div class='ocr_carea' id='block_1_4' title="bbox 0 0 1375 4702">
    <p class='ocr_par' dir='ltr' id='par_1_4' title="bbox 0 0 1375 4702">
     <span class='ocr_line' id='line_1_39' title="bbox 0 0 1375 4702; baseline 0 0"><span class='ocrx_word' id='word_1_290' title='bbox 0 0 1375 4702; x_wconf 95' lang='lat' dir='ltr'> </span> 
     </span>
    </p>
   </div>
  </div>
 </body>
</html>
