2722 4702
143 339 210 425 204
422 337 461 404 r.
486 335 666 405 ovmn
695 332 925 406 uasoms

192 480 285 566 Hoc,
304 477 386 551 mibi
403 477 494 578 quod
512 477 665 578 prodest,
681 477 709 550 si
727 477 809 566 tibi,
827 476 944 563 lector,
961 476 1066 552 obest.

142 596 210 671 Sed
226 625 334 697 neque
353 597 469 671 obesse
486 612 597 696 potest
612 623 620 668 :
633 593 694 668 ulti
709 622 768 669 nec
787 595 909 696 scripta
926 594 1062 669 fuerunt

104 784 107 790 Δ
194 711 337 796 Nostra,
355 709 421 782 nisi
437 710 564 782 auctori
580 707 763 809 perniciosa
779 737 849 783 suo.

144 825 191 898 At
209 822 293 899 mala
311 843 408 911 sunt;
427 825 533 899 fateor
548 854 555 898 :
572 824 648 925 quis
665 842 697 897 te
713 822 797 897 mala
815 853 942 898 sumere
960 823 1075 920 cogit?

195 943 266 1015 Aut
286 943 361 1043 quis
377 943 549 1044 deceptum
565 971 690 1044 ponere
708 958 816 1015 sumta
833 941 944 1014 vetat?

148 1057 225 1158 Ipse
241 1084 300 1130 nec
320 1057 478 1131 emendo:
493 1056 572 1144 sed,
589 1073 628 1128 ut
645 1054 698 1128 bie
716 1053 855 1128 deducta
870 1052 1039 1150 legantur,

197 1175 274 1245 Non
290 1191 368 1247 sunt
385 1173 440 1246 itta
456 1201 517 1247 suo
532 1173 725 1247 barbariora
741 1169 836 1244 loco:

148 1290 216 1360 Nec
233 1317 284 1362 me
303 1291 411 1363 Roma
429 1288 498 1363 suis
514 1288 612 1362 debet
628 1287 775 1360 conferre
791 1286 917 1386 poetis3
1024 1314 1026 1320 ’

199 1409 290 1479 luter
305 1408 513 1480 Sauromatas
528 1406 718 1502 ingeniosus
734 1432 802 1478 ero.

151 1520 303 1620 Denique
322 1519 412 1592 nulla
430 1519 510 1591 mibi
527 1535 678 1618 captatur
695 1515 820 1611 gloria,
839 1543 976 1615 quaque

200 1634 338 1728 Ingenio
357 1633 510 1707 stimulos
527 1632 668 1707 subdere
683 1633 767 1705 sama
785 1630 878 1705 solet.

151 1749 315 1825 Nolumus
333 1751 479 1825 adsiduis
495 1750 639 1824 animum
655 1751 819 1824 tabescere
837 1748 945 1836 curis,

201 1869 285 1964 Quae
302 1886 411 1943 tamen
426 1869 632 1970 irrumpunt,
651 1897 785 1969 quoque
800 1883 971 1954 vetantur,
991 1882 1082 1940 eunt.

154 1980 222 2053 Cur
239 1982 401 2071 scribam,
422 1982 522 2056 docui
537 2012 544 2056 :
560 2012 619 2056 eur
636 1982 784 2069 mittam,
805 1981 968 2081 queritis,
986 1979 1095 2054 istos?
1114 2007 1115 2010 ’

202 2099 386 2175 Vobiscum
403 2103 531 2203 cupiam
549 2099 701 2201 quolibet
716 2128 785 2174 esse
803 2098 914 2173 modo.
1089 2084 1090 2089 ἵ
1183 2121 1218 2173 oo

154 2269 351 2339 metaphoram,
369 2276 441 2327 dolor
457 2276 613 2342 strangulat,
635 2282 663 2326 et
746 2272 785 2341 78.
797 2274 900 2339 Ingenti>
911 2273 1032 2323 stimulos.
1044 2271 1219 2338 Ingenilme·

137 2350 139 2354 ⁴
154 2357 284 2401 aestuat.
711 2349 801 2403 liores:
810 2361 874 2419 puto
887 2352 1006 2417 lugentis.
1017 2348 1120 2404 Herus.

188 2427 228 2479 66.
240 2430 271 2480 Si
278 2432 343 2481 mihi
350 2431 536 2496 quodprodest,
551 2431 600 2481 hoc
609 2431 662 2481 uti.
746 2449 783 2498 77.
795 2431 914 2480 Nolumus
922 2430 1047 2481 adsiduis.
1059 2426 1158 2482 Sensus
1166 2436 1218 2481 est:

156 2502 202 2555 Pr.
215 2504 272 2555 Pol.
283 2524 320 2571 pr.
328 2505 411 2556 Vatic.
424 2504 500 2571 prim.
510 2504 564 2558 Pal.
575 2513 602 2556 et
611 2514 662 2557 tres
711 2507 794 2559 scribo
802 2505 865 2567 baer,
873 2525 928 2558 non
940 2506 1027 2574 gioria
1035 2505 1223 2576 comparanda

70 2623 71 2627 ,
156 2579 215 2644 atii,
227 2583 270 2633 Sic
277 2584 554 2648 mr‘hr‘puodprodestsr'.
566 2581 661 2634 Forte:
712 2582 808 2653 gratia;
821 2581 909 2635 sedne
922 2585 1038 2651 animus,
1051 2584 1163 2638 adsiduis
1172 2603 1221 2638 cu·

158 2677 172 2701 «
188 2657 235 2724 ld,
253 2657 316 2711 mihi
335 2659 405 2728 quod
424 2659 543 2727 prodest,
562 2660 582 2712 si
602 2658 660 2726 tibi,
711 2663 746 2714 ris
757 2659 920 2726 sollicitatus,
931 2681 1086 2732 semperque
1097 2663 1123 2714 in
1134 2681 1218 2731 poenoe

156 2733 247 2803 lector,
261 2737 364 2790 obest.»
378 2737 477 2790 Herus.
711 2738 853 2806 imaginem
869 2739 997 2808 intentus,
1010 2759 1120 2795 moerore
1132 2738 1220 2793 confi-

190 2814 231 2886 69.
250 2816 290 2869 A!
301 2819 370 2868 mala
387 2825 452 2867 suut.
468 2813 580 2867 Minettii
600 2825 663 2866 nota
712 2818 810 2882 ciatur,
824 2827 902 2886 atque
920 2817 1039 2873 tabescat.

159 2903 216 2947 est:
231 2914 245 2940 a
260 2893 369 2963 Negavit
380 2893 436 2947 bec
448 2893 541 2962 scripta
554 2892 599 2945 ulti
615 2892 664 2945 ob·
747 2898 784 2966 78.
800 2897 949 2961 Quotameu
959 2901 1149 2964 abrumpuntetc.
1158 2895 1219 2948 Ta-

159 2993 229 3028 esse:
244 2974 285 3028 bie
295 2975 436 3044 objectioni
448 2973 622 3044 respondens,
634 2992 664 3025 ea
713 2993 776 3026 men
787 2992 869 3043 usque
879 2985 1032 3039 recurrunt3
1046 2973 1163 3044 quamvis
1174 2991 1220 3030 co-

159 3054 339 3124 malaquidem
348 3075 402 3108 esse
410 3053 665 3125 profitetur‚sedne-
713 3052 906 3106 nerseribendo
918 3071 991 3106 curas
1001 3053 1103 3119 levare,
1115 3070 1171 3105 non
1182 3061 1221 3105 ta·

160 3132 260 3185 minem
272 3132 305 3185 ad
322 3152 414 3188 eorum
433 3133 571 3186 lectionem
592 3130 664 3200 cogi,
715 3148 778 3181 men
790 3148 903 3197 possum.

160 3210 231 3277 quud
245 3231 297 3266 ase
309 3231 365 3266 non
377 3210 561 3268 emendentur.
575 3232 588 3257 u
748 3228 786 3279 79.
796 3205 1221 3276 carmeiam.quaer1·te·s‚boemo

195 3307 233 3355 po.
246 3291 368 3357 Araque.
378 3295 522 3358 Qm'dunus
531 3288 649 3341 Vatican.
714 3304 822 3354 repone.
836 3283 1005 3353 Tanaquiiius
1018 3285 1102 3339 Faber
1113 3283 1140 3334 in
1154 3280 1221 3348 Epi·

194 3384 233 3433 7¹·
245 3367 303 3431 Ipse
314 3388 359 3421 uec
372 3372 420 3420 hoc
436 3371 535 3421 mando.
551 3368 611 3432 Ipsa
627 3383 667 3434 pr.
714 3363 799 3430 stolis,
813 3365 892 3416 tsrtoc
899 3362 955 3430 pari
963 3382 1040 3416 sensu
1049 3382 1056 3425 ς
1065 3369 1094 3412 ut
1103 3358 1217 3410 Romus

163 3441 240 3496 Poto.
255 3454 281 3497 et
296 3445 349 3499 duo
360 3445 418 3508 aiii3
431 3444 537 3514 quidam
552 3446 611 3510 Ipse
622 3460 668 3494 nec
714 3442 896 3511 subintelligas.
908 3441 1009 3496 Hnrts.

160 3526 277 3589 emendo,·
292 3544 331 3592 pr.
340 3523 423 3576 Vatic.
436 3525 496 3589 Ipsa
506 3540 551 3572 uec
557 3525 667 3574 emendo.
747 3522 788 3573 80.
805 3522 937 3573 Vobiscum
947 3524 1027 3584 cupio
1043 3514 1147 3578 Cuprim
1159 3510 1178 3564 J
1180 3530 1218 3563 u-

195 3603 232 3671 74.
242 3602 387 3669 Inpenusus
394 3618 469 3653 eram.
480 3601 533 3650 Ero
543 3599 619 3653 multi
626 3617 668 3650 ve·
714 3598 816 3651 niauus.
840 3599 954 3663 Quolibet
975 3595 1053 3646 modo.
1071 3589 1219 3646 Versibus:

163 3689 230 3734 teres
242 3699 248 3732 z
266 3691 357 3748 putem
370 3697 411 3740 eo,
426 3687 456 3730 ut
468 3676 496 3729 in
507 3674 666 3742 Amoribus,
715 3673 926 3743 quandoquidem
932 3688 985 3725 non
995 3671 1054 3723 licet
1062 3687 1220 3737 corpore.-

164 3757 217 3823 ttl,
238 3759 277 3811 Et.
290 3774 357 3822 vur,
368 3775 406 3807 vs.
423 3756 466 3808 8.«
480 3753 605 3820 Turpiter
616 3753 667 3808 buc
715 3753 803 3805 Ambo
817 3753 892 3822 Regii
904 3747 1004 3805 codices
1014 3746 1080 3801 dant
1098 3753 1171 3815 cupi,
1193 3756 1220 3800 et

162 3835 222 3889 illuc
229 3835 378 3904 ingeniosus
386 3850 426 3883 eo.
436 3853 450 3878 π
462 3832 563 3883 errss.
713 3835 839 3897 paulice&
850 3828 920 3900 quod
928 3826 998 3897 apud
1006 3826 1092 3881 nullos
1101 3825 1219 3890 invenio,

196 3919 234 3984 75.
246 3915 367 3980 Captatur
374 3913 463 3977 glore'a.
476 3911 614 3976 captantur
622 3925 668 3960 se·
713 3929 763 3964 nec
773 3922 863 3966 tamen
876 3927 980 3980 prorsus
991 3908 1165 3979 rejiciendum
1175 3923 1218 3957 ar·

164 4000 223 4048 cula
234 3990 374 4047 hidensis
714 3986 806 4041 bitror.

573 4147 808 4174 ι*-
