2722 4702
146 335 169 403 6
418 339 458 406 P.
493 337 671 406 ovln11
700 339 925 411 NASONIS

194 476 367 571 Ingenium
385 477 486 550 tantis
501 477 629 551 excidet
646 507 742 552 omne
760 477 865 553 malis.

145 589 298 688 Denique
316 617 450 663 securus
468 588 578 676 samae,
597 591 698 679 liber,
717 592 764 665 ire
780 612 960 683 mementu;

192 704 261 777 Nec
277 703 338 777 tihi
354 704 399 778 sit
414 704 499 781 lectu
517 706 727 808 displicuisse
741 708 870 809 pudor:

145 820 224 890 Non
240 817 285 892 ita
301 845 336 890 se
353 817 451 893 nobis
469 821 595 923 praebet
612 821 745 896 fortuna
762 823 962 914 secundam,

192 935 241 1006 Ut
257 934 320 1007 tibi
337 934 382 1008 sit
397 937 482 1010 ratio
497 935 603 1011 laudis
622 939 775 1012 habenda
790 956 862 1012 tuae.

143 1051 260 1124 Donec
279 1079 365 1126 eram
383 1082 513 1156 sospes,
533 1054 621 1129 tituli
641 1059 800 1154 tangebar
816 1086 942 1146 amore,

190 1172 438 1273 Quaerendique
451 1173 533 1247 mihi
548 1176 694 1249 nominis
713 1178 812 1251 ardor
829 1195 906 1251 erat.

145 1286 299 1362 Cannina
316 1290 449 1363 nuncsi
468 1318 536 1361 non
554 1290 783 1392 studiumque,
803 1293 893 1394 qnod
910 1292 1034 1381 obluit,
1053 1293 1126 1382 odi,
1180 1315 1212 1368 55

193 1405 245 1477 Sit
262 1404 341 1478 satis
356 1432 364 1475 :
380 1403 577 1498 ingeniosic
593 1405 671 1500 lugu
686 1424 779 1506 parta
797 1436 881 1481 meo.

143 1520 160 1592 l
179 1536 301 1607 tamen,
316 1519 348 1608 i,
366 1548 429 1620 pro
445 1549 496 1594 me
514 1539 566 1609 tu,
587 1520 640 1593 cui
659 1519 751 1610 licet,
770 1522 903 1622 adspice
919 1526 1083 1598 Romam:

194 1635 239 1707 Di
252 1634 413 1725 lacerent,
430 1666 564 1738 possem
582 1664 670 1710 nunc
691 1664 782 1712 meus
800 1666 869 1712 esse
890 1637 994 1713 liber!

142 1740 213 1824 Nec
231 1769 282 1840 te,
302 1753 392 1853 quod
408 1753 519 1828 venias
534 1781 686 1848 magnum
704 1755 898 1853 peregrinus
914 1755 949 1829 in
967 1757 1100 1846 urbem,

191 1869 348 1964 Ignotum
365 1866 493 1969 populo
509 1896 609 1967 posse
626 1869 736 1944 venire
756 1889 847 1972 puta.
1178 1895 1212 1947 60

144 1983 194 2054 Ut
210 1981 308 2056 titulo
326 2009 450 2071 careas,
465 1984 540 2085 ipso
556 2012 693 2058 noscere
708 1984 819 2060 colore
832 2016 840 2076 ;

193 2098 407 2175 Dissimulare
424 2098 503 2173 velis
522 2118 553 2173 te
571 2099 647 2174 licet
665 2128 734 2177 esse
751 2131 871 2176 meum.

147 2217 241 2291 Clam
258 2234 365 2290 tumen
383 2216 524 2307 intrato,
540 2247 581 2293 ne
598 2235 630 2292 te
647 2248 718 2292 mea
731 2220 875 2292 carmina
890 2217 1032 2292 laedant:

194 2336 271 2408 Non
289 2351 381 2422 sunt,
399 2354 440 2409 ut
456 2335 623 2436 quondam
640 2334 738 2433 plena
755 2333 876 2408 latoris
892 2351 993 2405 erant.

145 2448 183 2522 Si
202 2447 277 2548 quis
296 2448 373 2534 erit,
393 2448 519 2548 quite,
538 2449 614 2546 quia
633 2449 678 2520 sis
696 2475 803 2533 meus,
822 2473 892 2518 esse
910 2445 1083 2543 legendum
1176 2470 1211 2521 65

194 2568 273 2639 Non
292 2582 404 2668 putet,
424 2591 441 2635 e
458 2562 584 2658 gremio
602 2563 792 2662 rejiciatque
808 2590 890 2648 su03

143 2681 295 2786 Inspice,
314 2681 382 2765 dic,
402 2677 536 2750 titulum
550 2707 558 2750 :
572 2706 641 2750 non
656 2706 729 2752 sum
747 2695 930 2778 praeceptor
945 2678 1066 2752 amoris
1081 2706 1089 2751 ε

146 2861 256 2906 vetem.
276 2847 379 2900 Censeo
398 2841 569 2896 nihilomiuus
585 2843 655 2896 scri-

145 2928 264 2983 bendum
271 2923 426 2990 cdcumjice,
440 2921 579 2988 quoverbo
588 2921 656 2974 Tut-

145 3003 195 3061 liu
203 3024 232 3059 ac
240 3001 390 3059 Liviusnon
398 2999 479 3054 semel
489 3011 608 3053 utuntur.
619 3000 655 3053 H.

179 3084 217 3136 53.
232 3083 314 3134 Tuan
321 3085 442 3149 tangebar
450 3098 541 3132 amore.
556 3080 657 3132 Honm

143 3161 236 3217 nullm
245 3181 306 3216 cum
319 3154 402 3216 tribus
412 3160 521 3230 scriptis.
531 3159 632 3213 Hntnn.

176 3243 219 3311 54.
242 3243 376 3310 Quantula·
391 3246 508 3293 uomrue's.
533 3238 656 3307 Compa-

145 3318 235 3377 ηυδε
247 3317 342 3382 samu,
356 3316 392 3371 sic
403 3317 446 3370 lib.
460 3316 498 3381 V,
512 3316 654 3384 Eleg.x11,

147 3392 595 3472 39:0¹N0urinisetlam2quoudatu
604 3392 655 3446 tut-

147 3495 209 3549 φα·
223 3473 358 3538 trahebar,
372 3472 445 3525 Dum
456 3469 517 3524 tulit
527 3480 655 3531 antennas

147 3574 210 3609 aura
220 3552 335 3607 secunda
347 3570 426 3604 meas.
440 3572 454 3597 ν

182 3634 221 3700 57.
232 3631 430 3694 Mammam
437 3645 483 3680 me.
495 3627 532 3679 Ta
539 3635 628 3688 taurea,
646 3631 660 3681 ἱ

143 3727 191 3776 pro
199 3727 238 3760 ure
247 3705 323 3760 Polit.
336 3705 419 3759 Vatic.
427 3715 514 3759 ettres
523 3703 564 3757 alii
575 3703 656 3758 :alter

148 3786 288 3854 Politiani,
303 3788 322 3837 I
327 3804 393 3839 nuuc
402 3796 481 3850 etpro
490 3804 535 3836 me.
548 3781 654 3851 Scribe,

147 3867 167 3916 1
174 3876 270 3930 tam,
282 3869 303 3924 ι’,
313 3883 362 3931 pro
373 3879 429 3924 nm
445 3861 490 3930 qui
502 3881 563 3915 sene
571 3880 656 3914 venu-

147 3941 212 3996 stior
222 3941 348 4011 loquendi
361 3940 455 3995 modus
467 3950 513 3993 est.

182 4023 221 4075 58.
234 4023 391 4074 Nnucmeus.
402 4018 488 4071 Probe
500 4016 621 4072 meliores
628 4016 656 4072 li·

147 4097 188 4151 bri
194 4114 656 4168 magnonurneroposseucmcms

701 2862 758 2897 esse
768 2845 846 2896 lr‘ber:
857 2843 1000 2914 eleganter,
1010 2843 1080 2914 quod
1088 2845 1149 2897 etin
1158 2846 1210 2898 suis

702 2924 839 2977 invenerat
855 2925 1006 2994 Naugerius.
1023 2926 1128 2994 Vulgati
1144 2945 1209 2994 per-

703 3022 792 3072 peram
799 3023 889 3069 posses
901 3026 949 3057 uon
958 3024 1025 3057 meus
1034 3024 1098 3057 esse.
1109 3006 1210 3059 littus.

735 3081 775 3133 61.
793 3084 851 3146 Ipso
867 3085 954 3135 colore.
969 3083 1051 3151 Nigro
1064 3094 1091 3138 et
1106 3082 1210 3152 lugubri

703 3157 810 3224 habitu,
823 3170 850 3213 et
862 3160 978 3214 versibus
988 3162 1082 3231 quibus
1095 3163 1211 3216 conseri·

703 3247 763 3304 ptus
772 3257 807 3290 er.
820 3238 859 3290 M.

736 3315 776 3367 65.
791 3318 985 3382 Quadrimus.
997 3319 1108 3382 Ourusr's
1118 3315 1211 3370 melio·

702 3408 744 3443 rer
753 3401 780 3441 et
788 3401 856 3445 recle
866 3408 872 3442 :
882 3390 914 3442 de
923 3411 975 3459 quo
982 3391 1041 3443 alibi
1049 3401 1088 3444 est
1096 3391 1212 3455 dictum

703 3470 783 3522 Trist.
795 3471 838 3526 lib.
849 3471 892 3536 ll,
907 3474 955 3543 49,
969 3491 1000 3524 ex
1008 3472 1121 3540 antiquis
1130 3472 1212 3525 libris:

707 3550 788 3619 thue
794 3561 851 3604 tuus
856 3554 950 3618 μνία
959 3555 1044 3613 miles,
1059 3556 1118 3620 qaia
1127 3557 1214 3606 ulceri!

702 3629 804 3680 hostem.
817 3629 918 3682 Hntns.

737 3705 776 3776 57.
783 3709 840 3760 Nou
846 3727 900 3760 suin
901 3717 1039 3775 preceptor
1042 3712 1143 3760 arnoni.
1150 3707 1212 3762 Non

704 3794 786 3838 tracto
796 3796 880 3839 artem
890 3784 994 3839 amandi
1004 3825 1011 3849 ,
1021 3796 1051 3839 ut
1058 3785 1150 3839 fratres
1158 3787 1211 3840 mei

704 3872 770 3917 tres:
780 3872 806 3915 et
816 3862 883 3918 llde
893 3866 969 3918 Pont.
980 3864 1055 3928 Etr,
1069 3866 1210 3918 15:«Naso

688 3947 690 3952 '
704 3961 796 4013 parum
810 3945 924 4011 prudens
936 3955 1020 3998 artem
1037 3945 1101 3998 dum
1119 3952 1212 3996 tractat

704 4018 826 4086 amandi,
848 4021 981 4077 Doctrina
1005 4023 1119 4093 pretium
1138 4018 1211 4072 triste

704 4097 827 4166 magister
839 4096 925 4155 habet.
938 4121 952 4149 ι
