2722 4702
226 333 622 402 exrourotrs.
649 336 1020 407 111.r1>1sr.v1.
1082 310 1150 431 469

88 479 122 551 'l'
123 504 207 577 eque
225 493 348 570 tegam,
367 475 423 576 qui
439 477 502 562 sis,
518 477 584 549 nisi
603 505 704 576 quum
719 476 907 576 permiseris
925 477 1006 578 ipse.

144 592 291 686 Cogetnr
306 620 402 664 nemo
419 620 540 666 munus
557 592 679 666 habere
697 621 815 665 meum.

92 709 146 781 Tu
162 706 282 793 modo,
300 734 397 807 quem
413 724 545 808 poteras
561 707 610 779 vel
627 725 738 806 aperte
753 725 846 781 tutus
862 735 987 796 amare,

144 823 181 894 Si
197 850 249 895 res
267 840 317 896 est
332 851 452 924 anceps
468 823 547 911 ista,
565 823 704 899 latenter
718 852 800 896 ama.
1118 842 1153 894 60

95 1009 155 1044 rum
163 997 287 1058 cognitum
294 1001 437 1061 utrumque
448 994 601 1046 rectum.H.
648 990 729 1045 codex
744 989 828 1044 Servii
839 994 939 1054 meisi,
953 987 986 1042 ad
995 989 1044 1059 Ep.
1057 989 1105 1042 lv.
1117 988 1154 1042 Η.

130 1071 169 1138 57.
180 1071 315 1136 Mtr'quum
317 1074 460 1137 permiseris
468 1076 529 1136 r'pse.
539 1072 602 1123 Per·
683 1070 722 1122 58.
745 1070 852 1135 θυμω
866 1086 944 1120 nmo.
967 1068 1000 1120 ln
1019 1066 1156 1119 neminem

96 1151 193 1199 miseret
204 1164 271 1200 unus
284 1146 402 1200 Vatican.
414 1147 494 1200 Forte
507 1167 513 1200 :
524 1171 537 1194 «
553 1148 602 1201 nisi
649 1145 762 1198 invitum
779 1164 807 1198 ac
817 1155 1009 1214 repugnantem
1021 1143 1156 1205 conseram

97 1243 149 1293 qua
158 1224 303 1291 permiserit
314 1224 383 1292 ipse,
398 1222 602 1293 Cogcturnemo
650 1244 754 1278 munus.
769 1225 799 1277 P.
810 1254 843 1264 —
854 1227 948 1277 Murus
966 1227 1057 1277 tatere
1070 1234 1155 1277 mutu.

96 1321 196 1354 munus
213 1300 308 1355 habere
324 1319 432 1364 meum;
448 1324 461 1347 υ
475 1321 553 1371 supra
568 1302 601 1354 dc
651 1306 718 1358 Puni
732 1305 759 1357 in
772 1306 837 1358 rneis
848 1304 970 1358 versibus·

99 1382 240 1450 Augusto:
256 1403 269 1428 α
288 1381 400 1450 Quaque
415 1402 464 1452 ego
480 1382 601 1450 permisi,
684 1388 724 1456 59.
747 1387 784 1437 Tu
794 1405 895 1454 quoqne.
911 1387 949 1438 Tu
962 1387 1034 1437 modo
1047 1403 1079 1437 cr
1094 1401 1156 1436 rne-

101 1478 210 1530 quaeque
225 1471 264 1515 est
279 1481 320 1516 res
337 1481 424 1530 passa,
443 1462 602 1532 pepercit;›‘›
650 1461 765 1516 lioribus.
778 1462 878 1517 Huius.
897 1462 937 1516 lta
949 1482 1053 1532 quoque
1066 1460 1157 1515 nostri.

99 1626 1158 1658 mx·-

405 1767 721 1853 EPISTOLA
752 1766 859 1851 VII.

576 1938 689 1963 W

541 2139 753 2214 AMICIS.

462 2497 816 2561 ARGUMENTUM.

75 2715 77 2719 Ι
112 2651 217 2706 Amicos
230 2663 257 2707 ct
275 2672 383 2706 uxorem
402 2651 546 2708 timiditatis
567 2653 718 2720 insimulat,
733 2674 828 2724 seque,
845 2653 943 2723 abjecta
960 2672 1005 2724 spe
1021 2651 1165 2715 redeundi,

288 2737 392 2789 sortiter
410 2735 507 2789 Geticis
519 2738 547 2788 in
560 2736 656 2790 finibus
667 2738 826 2790 moriturum
839 2735 984 2806 profitetur.

90 2994 93 2999 ,
113 2886 267 2991 VERBA
280 2914 362 2988 mihi
380 2917 500 2990 desunt
515 2915 628 2991 eadem
644 2935 709 2993 tam
725 2945 809 3018 saepe
824 2920 975 3014 roganti,

94 3034 97 3041 ’
163 3035 302 3131 Jamque
320 3029 424 3131 pudet
437 3060 535 3106 vanas
551 3031 616 3107 fine
632 3061 740 3108 carcre
755 3062 877 3134 preces.

87 3140 93 3153 ⁶
117 3149 228 3224 Taedia
244 3149 406 3222 consimili
422 3147 492 3222 fieri
510 3133 549 3223 de
568 3150 708 3223 carmine
724 3148 838 3236 vobis,

90 3246 98 3257 ἣ
167 3265 323 3366 Quidque
341 3283 466 3366 petam,
483 3284 619 3341 cunctos
636 3264 807 3339 edidicisse
820 3292 905 3337 reor.

116 3383 238 3455 Nostra
257 3379 337 3479 quid
353 3380 507 3480 adportet
519 3380 586 3480 jam
600 3379 704 3454 nostis
722 3377 879 3479 epistola,
899 3375 1046 3478 quamvis
1156 3398 1171 3450 5

77 3552 90 3601 't'
152 3566 175 3597 a.
187 3548 251 3598 Fine
260 3563 352 3598 carere.
366 3543 507 3612 Nunquam
520 3543 551 3596 ad
563 3543 621 3596 exi·
671 3541 720 3595 reti
729 3552 755 3594 et
764 3551 815 3594 tres
823 3539 873 3595 alii.
884 3542 1087 3609 Quodquepetam
1095 3540 1174 3597 etiam

80 3636 87 3653 ·
121 3632 177 3675 tum
187 3635 214 3677 ct
224 3624 307 3677 finem
319 3620 444 3692 perduci,
462 3620 507 3675 sed
518 3639 623 3691 semper
672 3621 764 3676 Servii.

121 3697 192 3750 idem
202 3701 308 3765 precari.
706 3705 727 3753 5.
740 3701 835 3753 Nostra
842 3701 1029 3769 qneuadportet.
1036 3703 1174 3769 Nostraque

156 3776 179 3827 3.
190 3778 231 3827 De
239 3780 488 3832 consimilicarmine.
497 3774 623 3842 Ejusdem
672 3783 735 3848 quid
739 3787 824 3847 portet
833 3797 864 3832 ex
873 3779 973 3847 scriptis
984 3779 1173 3850 compluribus:

124 3873 227 3922 semper
244 3859 358 3916 materiae
376 3878 382 3910 :
399 3875 462 3910 nam
477 3854 569 3908 cadem
583 3875 624 3910 res
673 3866 700 3909 et
714 3875 776 3908 mox
788 3874 837 3925 pro
851 3858 945 3909 Charta
960 3857 1041 3912 codex
1055 3850 1174 3907 Politian·

123 3930 216 4000 ,sepius
234 3931 344 3998 iterata,
363 3945 389 3987 et
409 3934 484 3986 toties
501 3932 626 3986 inculcata
675 3937 755 3997 ὅσας
768 3933 901 4002 quomodo
911 3932 1100 3988 trondettanus
1110 3942 1177 3990 ‘11¹⁰-

125 4008 233 4063 taedium
248 4007 341 4061 adfert.
354 4009 440 4063 Portu.
674 4030 724 4080 quc
735 4029 784 4081 pro
796 4010 895 4066 diversa
906 4013 1015 4066 lectione
1027 4025 1034 4057 ι
1047 4003 1115 4055 idem
1128 4019 1176 4068 pro

159 4091 182 4154 4.
195 4090 344 4141 Emtlr'cctsc.
358 4087 420 4139 Jam
430 4089 548 4142 didicisse
560 4087 625 4143 Mo-
673 4093 765 4144 vinctis
779 4110 829 4145 rou
845 4088 972 4156 labefacta
989 4085 1055 4141 sur's,
1074 4076 1176 4129 exhibet
