2722 4702
137 117 205 202 416
227 117 266 182 P.
283 113 435 182 ovtntl
450 109 645 180 NASONIS
655 112 717 179 EX
732 110 891 179 PONTO
903 114 968 181 ΙΙΙ.
979 116 1049 182 ΕΡ.
1063 117 1130 185 ΙΧ.

185 254 363 352 Verbaque
379 252 531 353 prosectu
545 249 751 326 dissimulata
766 269 889 325 carent.
1172 278 1205 347 4⁰

138 370 184 443 Et
201 387 309 443 tamen
327 367 395 440 haec
413 366 525 440 eadem
541 393 645 466 quum
661 365 744 453 sint,
763 394 832 438 non
848 364 1026 440 scribimus
1042 367 1165 443 isdem:

188 489 328 587 Unaque
344 513 403 585 per
421 482 534 584 plures
548 512 611 557 vox
626 509 699 556 mea
714 498 819 554 tentat
836 509 944 581 opem.

138 605 210 689 An,
225 630 267 675 ne
283 601 336 673 bis
354 628 487 675 sensum
501 597 607 673 lector
622 599 783 700 reperiret
799 597 957 685 eundem,

190 721 288 792 Unus
304 718 502 804 amicorum,
519 718 640 801 Bnrte,
656 713 825 809 rogandus
840 715 934 785 erat?

141 835 219 906 Non
235 831 300 904 [nit
314 830 377 902 hoc
392 829 474 903 tanti
487 829 664 916 ,confesso
682 826 861 923 ignoscite,
882 826 995 900 docti:
1175 851 1207 918 45

193 945 303 1019 Vilior
319 963 369 1018 est
387 945 497 1045 operis
514 946 599 1018 fama
617 943 721 1019 salute
737 972 819 1017 mea.

143 1061 297 1162 Denique
314 1059 475 1149 materia,
493 1089 591 1162 quam
609 1060 683 1162 quis
700 1061 766 1134 sibi
782 1059 912 1143 finxoit
927 1058 1015 1159 ipse,

193 1178 345 1253 Arbitrio
362 1178 465 1251 variat
480 1177 583 1252 multa
599 1195 697 1279 poeta
714 1205 785 1250 suo.

146 1297 246 1370 Musa
260 1322 330 1367 mea
348 1312 398 1366 est
414 1293 511 1368 index
529 1294 666 1367 nimium
684 1321 816 1393 qnoque
831 1319 906 1365 vera
923 1287 1101 1377 malonrm,

195 1415 305 1510 Atque
324 1411 524 1510 incorruptae
541 1411 689 1511 pondera
707 1410 800 1482 testis
817 1409 927 1483 habet.
1176 1430 1209 1481 50

144 1530 213 1602 Nec
230 1526 316 1598 liber
335 1543 374 1598 ut
388 1527 500 1613 fieret,
521 1528 578 1600 sed
591 1528 642 1600 uti
657 1555 717 1600 sua
735 1527 854 1626 suique
871 1527 1004 1601 daretur

193 1642 325 1726 Litera,
342 1639 551 1742 propositum
566 1670 708 1742 curaque
725 1661 841 1716 nostra
856 1640 930 1715 fuit.

145 1757 329 1833 Postmodo
349 1756 519 1846 collectas,
539 1777 719 1859 utcumque
733 1759 803 1832 sine
822 1757 953 1844 ordine,
968 1756 1087 1855 junxi,

77 1922 86 1941 ·
195 1875 270 1948 Hoc
289 1904 375 1976 opus
392 1872 529 1949 electum
547 1902 589 1947 ne
606 1875 688 1947 mihi
700 1874 785 1948 sorte
803 1892 910 1976 putes.

147 1991 200 2065 Da
217 1992 341 2067 veniam
359 1992 512 2092 scriptis,
530 2021 672 2091 quorum
687 2021 755 2065 non
774 1990 878 2088 gloria
892 1990 991 2063 nobis
1175 2011 1207 2060 55

196 2110 319 2197 Causa,
339 2111 396 2184 sed
412 2109 539 2184 utilitas
555 2109 782 2210 officiumque,
799 2110 874 2182 fuit.

147 2282 176 2335 in
188 2280 230 2335 his
244 2280 317 2334 enim
335 2288 460 2332 tractatur
473 2299 546 2348 piene
561 2279 654 2334 eadem
704 2282 751 2334 re?
765 2280 841 2349 idque
850 2280 918 2335 hanc
925 2282 959 2335 ob
971 2300 1092 2348 eausam,
1104 2300 1139 2335 ne
1148 2281 1210 2336 mihi

150 2357 259 2412 materia
272 2355 351 2410 tristis
364 2366 497 2410 etmoesta.
705 2359 875 2428 objiceretur,
890 2359 960 2427 quod
973 2359 1043 2414 idern
1054 2378 1146 2413 sensus
1162 2379 1211 2413 re-

126 2448 128 2453 '
175 2440 216 2504 40.
228 2438 483 2490 Verbadisstmulata.
492 2436 654 2501 Verbamea,
704 2437 804 2505 peritur
814 2436 843 2488 in
856 2436 921 2490 meis
933 2436 1097 2491 carminibus
1104 2437 1210 2490 Mrcrr..

149 2536 206 2585 qut
226 2514 304 2569 amici
323 2514 503 2568 dissimulant:
521 2525 548 2567 et
563 2524 656 2568 osten·
732 2515 891 2583 4700en1'quc
898 2515 1151 2568 materiaeffatm'cn
1158 2513 1210 2584 ple·

150 2595 217 2648 dunt
225 2604 269 2647 aut
280 2611 334 2645 non
343 2593 563 2662 accepisseliteras
575 2613 655 2658 nreas,
705 2593 779 2661 rique
796 2602 905 2645 veteres.
924 2593 1005 2646 Forte
1022 2597 1130 2645 Μανία
1142 2608 1208 2656 νιος

151 2681 197 2724 aut
211 2670 289 2724 verba
301 2688 361 2721 rnea
373 2688 428 2721 non
445 2669 609 2722 intellexisse.
625 2697 657 2707 -
705 2681 731 2721 et
733 2673 843 2736 finxerit
852 2674 906 2736 ipsi
914 2668 1033 2722 Vossian.
1046 2670 1084 2723 H.

152 2745 367 2814 Carentproseclu.
375 2744 590 2814 Quianihilmihi
597 2763 655 2814 pro·
737 2751 778 2821 49.
794 2750 846 2801 Est
853 2754 955 2800 niarium
967 2769 1029 2801 vera
1040 2754 1119 2802 iudet
1132 2754 1210 2802 malo·

149 2824 245 2879 ficitur.
704 2846 764 2878 rum.
773 2826 857 2879 Nimis
866 2845 927 2880 vere
937 2824 1005 2878 mala
1014 2846 1074 2880 mea
1082 2827 1211 2882 indicatet

182 2905 224 2969 42.
237 2903 342 2970 Unaque
344 2905 478 2968 perplures
487 2920 538 2954 vox
547 2910 658 2953 meamr·
705 2903 821 2973 exponit.

149 2988 189 3032 lat
205 2999 282 3047 opem.
302 2978 397 3032 Malim
414 2980 496 3031 Unam
511 2982 658 3046 perplures
712 2991 713 2995 ’
738 2983 779 3032 So.
798 2981 942 3048 Iacomplr‘
958 2986 1039 3034 restt's.
1059 2983 1211 3050 Iacomptae

150 3077 227 3126 opens.
239 3058 275 3112 H.
288 3058 330 3111 ΝἰΙ
344 3068 448 3111 mutant
461 3057 551 3110 nostri.
705 3077 766 3111 curn
777 3057 887 3111 duobus.
900 3058 936 3111 H.
950 3058 990 3110 lta
1002 3069 1030 3111 et
1040 3061 1132 3113 nostri.

184 3136 223 3200 43.
233 3137 308 3189 Anne
320 3140 359 3188 bis
368 3145 511 3188 alsensem.
523 3133 568 3185 Aa
579 3138 657 3186 nebe‘s
744 3136 784 3188 53.
804 3135 940 3204 Utcunque.
966 3137 1003 3188 Ut
1020 3157 1121 3205 quoque
1145 3154 1210 3188 unns

151 3230 251 3268 sensum
265 3227 368 3269 veteres
379 3216 474 3282 maiori
485 3234 516 3267 ex
531 3224 617 3283 parte;
629 3224 657 3267 et
706 3212 826 3278 Heinsii,
839 3213 886 3267 sed
896 3212 971 3266 mule.

153 3299 231 3342 recte.
240 3290 468 3356 H.-Sensusest,
478 3311 494 3344 o
502 3292 594 3358 Brute,
604 3291 657 3345 de·
738 3292 778 3344 56.
795 3291 957 3345 Serum.
970 3291 1041 3360 Quia
1048 3288 1134 3357 scripsi
1146 3306 1207 3341 earn

152 3362 232 3418 butue
246 3376 349 3419 tantum
361 3385 445 3418 unnrn
457 3367 571 3419 amicum
581 3387 656 3438 roga·
705 3366 737 3418 ob
749 3384 867 3432 cansam,
886 3374 915 3418 ut
935 3365 1070 3420 scribendo
1090 3362 1210 3417 reditum

152 3459 181 3495 re
191 3478 199 3508 ,
210 3448 240 3491 ut
247 3439 312 3492 mihi
319 3438 490 3510 opitularetur
499 3481 506 3507 ,
516 3461 565 3496 nec
573 3443 605 3494 ad
611 3462 657 3497 ει·
704 3462 882 3511 procurarem.
894 3469 928 3485 —
940 3442 1064 3512 Officia.
1082 3439 1120 3492 Et
1132 3452 1164 3495 ut
1182 3443 1209 3495 in

153 3530 272 3574 tororum
284 3517 362 3570 etiarn
374 3518 523 3587 presidium
535 3520 657 3590 confuge·
704 3540 733 3573 re
745 3540 807 3576 mea
818 3521 931 3578 facem
942 3517 1013 3587 quod
1023 3515 1118 3572 debeo·

565 3717 801 3745 ιι*
