2716 5214
767 565 774 612 t

142 793 208 885 376
411 780 454 855 e.
481 783 915 854 0v1n11unsoms

193 927 258 1003 Sed
276 929 320 1003 sit
335 943 374 1001 ut
392 927 530 1013 iratum,
548 953 647 1026 quam
664 923 728 999 luit
743 941 837 1012 aute,
852 923 974 999 minus.

147 1045 259 1120 Gratia
274 1045 301 1119 si
317 1042 407 1118 nulla
426 1060 490 1130 est,
508 1040 656 1143 lacrymo
673 1041 735 1117 tibi
752 1042 856 1137 gratia
871 1038 975 1113 lieut:

193 1161 267 1232 Huc
283 1177 395 1260 potes,
413 1156 594 1245 antnulla,
611 1172 705 1258 parte
721 1184 852 1232 movere
868 1159 970 1231 Deos.
1158 1195 1198 1229 ιω

144 1280 229 1374 Qun
246 1276 309 1350 tibi
326 1303 368 1348 ne
386 1273 509 1362 desint,
526 1273 609 1347 bene
626 1302 686 1375 per
703 1273 787 1348 mala
802 1292 915 1348 nostra
931 1289 1085 1363 caretum

192 1395 316 1493 Meque
333 1390 404 1463 viro
422 1390 522 1464 lleudi
537 1390 631 1490 copia
649 1389 739 1464 dives
754 1388 853 1463 adest

146 1512 260 1610 thue
277 1535 357 1580 meae
371 1536 424 1580 res
442 1523 539 1594 snut,
557 1507 665 1593 omni,
682 1525 784 1606 puto,
802 1523 949 1605 tempore
966 1503 1088 1579 flebis:

194 1628 264 1700 llas
280 1624 415 1699 fortuna
430 1624 492 1696 tibi
508 1641 621 1697 nostra
635 1621 800 1696 ministrat
817 1650 907 1723 opes.

144 1745 178 1818 Si
196 1772 269 1817 mea
285 1769 375 1815 mors
391 1740 579 1815 redimenda
597 1758 670 1825 tua,
690 1740 779 1840 quod
798 1739 989 1828 abominor,
1007 1755 1108 1826 esset,
1159 1757 1201 1810 ,οε

150 1939 152 1942 .
197 1856 328 1930 Admeti
345 1855 482 1953 conjux,
501 1882 599 1955 quam
618 1854 820 1953 sequereris,
838 1871 918 1927 erat.

147 1973 279 2050 AEmula
298 1970 481 2070 Penelopes
497 1971 609 2057 fieres,
627 1972 655 2043 si
672 1970 786 2044 fraude
803 1970 926 2068 pudica

195 2090 361 2160 Instantes
377 2084 474 2156 velles
491 2083 602 2156 fallere
620 2102 723 2184 nupta
740 2112 871 2183 procos.

148 2203 184 2276 Si
202 2227 313 2273 comcs
331 2197 482 2270 exstincti
498 2226 609 2272 manes
628 2227 800 2298 sequerere
816 2202 945 2291 mariti,

197 2321 294 2390 Esset
312 2315 378 2388 dur
395 2314 473 2388 sacti
491 2315 667 2389 Laodamia
683 2317 743 2390 tui.

146 2431 261 2531 Iphias
276 2447 350 2503 ante
369 2429 485 2503 oculos
502 2431 564 2503 tibi
581 2448 651 2503 erat
666 2431 837 2530 ponenda,
854 2431 980 2506 volenti

196 2545 329 2645 Corpus
346 2544 382 2616 in
397 2571 552 2619 accensos
568 2544 697 2619 mittere
713 2545 797 2620 forte
812 2574 923 2642 rogos.

147 2660 204 2736 Nil
223 2690 310 2762 opus
327 2679 379 2735 est
394 2659 477 2748 leto,
493 2659 541 2733 nil
557 2662 732 2774 Icariotide
749 2660 833 2751 tela;
880 2732 882 2738 ,

148 2838 253 2892 autern,
270 2827 331 2896 quid
346 2826 377 2878 ab
391 2843 471 2877 uxore
485 2825 542 2879 fieri
555 2826 656 2883 debeat.
704 2829 780 2897 lope,
792 2829 977 2884 coactamultis
988 2830 1073 2901 procis
1086 2850 1141 2885 eam
1152 2850 1206 2885 uro·

181 2926 221 2978 qq.
229 2900 406 2972 Gratiam.
418 2904 495 2956 Fient
505 2904 594 2972 scripti
605 2920 657 2957 me·
705 2925 763 2959 rem
770 2906 935 2976 petentibus,
946 2907 1052 2961 absente
1062 2907 1154 2962 manto
1162 2907 1206 2960 ali·

148 2981 241 3035 liores:
252 2990 279 3033 et
291 2998 368 3044 mox,
380 2978 470 3046 &que
478 2986 532 3033 viro
544 2999 591 3049 pro
603 2983 657 3032 De·
704 2989 747 3041 cui
759 2988 875 3053 nubere,
886 3008 913 3039 se
927 2987 953 3040 id
965 2987 1206 3057 quidemssctnnm

148 3083 201 3129 qne.
209 3061 244 3113 H.
256 3087 288 3098 -
299 3060 430 3128 lucryme
438 3061 656 3128 tt'bt'gratt'afitnl·
706 3065 818 3134 recepit,
830 3065 859 3117 ni
869 3065 978 3137 Ulysses
996 3069 1098 3122 veniret
1112 3079 1166 3121 toto
1176 3085 1206 3120 eo

151 3137 262 3204 incipias
279 3135 399 3206 lacrymis
422 3135 491 3204 apud
506 3135 656 3202 imperato·
705 3155 840 3211 terupore,
852 3163 905 3214 quo
918 3145 1001 3200 telam
1010 3157 1115 3216 coeptam
1125 3143 1208 3197 absol-

149 3235 207 3268 rem
219 3233 312 3283 agere,
325 3232 382 3281 que
394 3224 473 3267 crunt
485 3213 543 3264 loeo
555 3212 655 3282 gratier:
704 3221 788 3274 viget,
808 3221 865 3276 Ηκ
882 3233 972 3276 aurem
990 3235 1045 3279 me
1060 3242 1104 3278 ρο,
1117 3220 1207 3275 etmir:

150 3305 214 3347 tunc
226 3292 298 3344 euim
314 3289 435 3344 flectetur
451 3289 484 3342 ad
501 3288 655 3343 miseriem·
705 3298 832 3368 quidquid
840 3301 912 3354 enirn
920 3299 961 3354 die
970 3313 1028 3357 toto
1036 3303 1205 3366 laboraverat,

150 3371 235 3436 diam,
246 3381 272 3422 et
281 3388 313 3422 eo
323 3379 399 3437 pacto
406 3368 495 3421 omnia
505 3387 562 3438 quae
571 3369 654 3436 voles,
703 3376 730 3429 id
743 3390 819 3431 noete
830 3381 968 3433 retexebat.
983 3383 1097 3435 interim
1106 3380 1209 3450 Ulysses

151 3448 287 3503 obtinebis.
705 3454 799 3520 rediit,
813 3467 840 3509 et
857 3456 990 3527 Penelope
1009 3479 1042 3510 eo
1061 3470 1117 3513 astu
1134 3457 1208 3512 fidem

188 3548 241 3582 ιοι.
255 3532 316 3595 Qua
324 3530 374 3580 titi
378 3546 410 3580 ne
416 3531 505 3580 desint.
515 3527 555 3579 Ne
564 3525 614 3580 ille
620 3526 659 3579 la-
706 3533 802 3586 marito
813 3535 940 3600 serravit,
956 3547 981 3588 et
994 3535 1084 3589 habita
1097 3537 1148 3589 suit
1159 3555 1208 3608 pu·

151 3625 249 3680 crymoa
262 3606 392 3660 deficiant.
404 3632 438 3645 -
449 3607 518 3656 Bere
529 3623 578 3671 per
590 3608 660 3658 mala
707 3608 842 3663 ditissima.

151 3695 238 3737 nostra
254 3694 360 3736 cavetur.
374 3682 443 3752 Quo
454 3682 476 3734 si
488 3681 516 3733 in
531 3681 659 3734 memoria
743 3689 795 3739 108.
807 3690 935 3741 lassantes
944 3699 993 3742 etc.
1003 3690 1101 3744 Proeos
1114 3700 1140 3744 te
1153 3710 1210 3744 uro-

151 3762 290 3828 habueris,
302 3774 328 3818 et
339 3774 400 3816 ante
409 3760 511 3829 oculos,
520 3761 659 3828 subpeteret
706 3781 764 3816 rem
776 3774 908 3834 petentes,
924 3766 1150 3835 quemadmodum
1161 3771 1211 3822 Pe-

154 3839 201 3890 tibi
214 3840 388 3911 lacrymarum
402 3838 521 3891 flumina.
707 3838 829 3908 nelopen.

188 3920 243 3968 105.
255 3919 316 3970 Mea
338 3934 411 3968 mors.
428 3917 488 3968 Sors
507 3926 560 3968 tres
579 3912 638 3967 libri
651 3936 658 3979 ;
743 3917 1209 3990 109.Maaesexsn·acenan·t1:nts-

152 3993 217 4042 mete·
227 4011 282 4043 sors
297 4011 374 4043 unus.
707 4014 754 4048 nes
765 3997 862 4049 mortui
875 3997 1015 4050 Protesilai.

120 4124 121 4128 Ἰ
189 4067 244 4119 rob.
257 4067 463 4132 Admetr'corrjux
471 4075 520 4117 etc.
533 4067 657 4137 Alcestis,
745 4093 797 4127 ιιι.
809 4076 897 4141 Iphias
909 4082 968 4127 ante
978 4075 1065 4126 oculos.
1080 4069 1211 4141 Evadne,

154 4147 234 4204 Pelias
244 4146 313 4214 tilia,
328 4166 443 4215 uxorque
455 4147 562 4201 Admeti
574 4152 659 4221 regis,
708 4152 790 4222 lpbite
798 4151 859 4220 lilia,
871 4172 898 4205 se
909 4150 935 4204 in
945 4150 1080 4203 ardentem
1090 4147 1213 4220 Capanei

152 4233 189 4284 ita
201 4227 324 4279 maritum
334 4227 429 4280 amavit
435 4267 442 4295 ‚
454 4237 482 4280 ut
492 4246 540 4296 pro
550 4248 582 4282 eo
592 4230 660 4283 mori
708 4235 795 4288 mariti
805 4254 907 4303 rogum,
914 4233 946 4286 ob
953 4231 1067 4284 nimium
1076 4252 1210 4300 amorem,

155 4329 209 4363 non
227 4304 361 4359 dubitarit.
707 4312 882 4381 precipitavit.
896 4336 926 4349 -
944 4310 1006 4362 Tibi
1022 4317 1072 4364 eri!
1089 4317 1211 4379 ponenda.

187 4406 241 4457 ¹⁰7·
254 4386 355 4437 AEmela
366 4386 585 4455 Penelopesfieres.
597 4387 659 4441 me·
707 4392 773 4444 Erat
784 4390 877 4445 rectius
889 4388 1019 4444 nonnulli.
1035 4390 1073 4443 Η.

151 4484 193 4518 res
202 4464 321 4535 ejusdem
335 4462 372 4516 rei
383 4462 515 4530 studiosa,
528 4465 603 4532 cujus
611 4464 660 4517 fuit
743 4469 797 4522 113.
809 4471 889 4522 Morte
899 4469 968 4520 niti!
973 4487 1035 4535 opus
1041 4479 1086 4521 est.
1100 4468 1139 4521 Ne
1148 4484 1209 4533 pec-

152 4543 292 4613 Penelope.
305 4543 555 4609 -Frandepudico
570 4543 660 4597 Peue·
706 4556 782 4600 cetur
799 4546 826 4598 iu
847 4546 917 4616 leges
936 4547 1031 4613 metri,
1049 4545 1129 4600 scribe
1145 4559 1209 4593 cum
