2722 4702
266 356 538 425 TRISTIUM
560 359 659 427 LIB.
685 362 729 429 V.
754 361 901 429 ELEG.
927 365 1003 432 111.
1101 365 1165 432 213

157 494 259 595 Impia
277 525 336 571 nec
351 525 447 596 poena
465 495 629 573 Pentheos
648 498 766 572 umbra
780 516 880 572 vacet.
1130 521 1165 590 4ο

110 611 162 685 Sic
179 612 277 684 micet
294 629 467 698 aetemum,
485 612 654 713 vicinaque
673 614 780 688 sidera
795 616 922 703 vincat,

159 725 320 822 Conjugis
336 725 370 797 in
388 723 466 797 caelo
481 726 597 801 Cressa
614 728 745 801 Corona
765 747 836 801 tuae.

113 836 187 912 Huc
203 839 301 927 ades,
321 859 353 913 et
370 869 463 913 casus
480 838 617 927 releves,
633 842 868 942 pulcherrime,
886 826 1038 930 nostros,

158 954 270 1026 Unum
286 953 327 1026 de
344 982 482 1027 numero
500 983 550 1027 me
571 983 693 1028 memor
707 982 778 1029 esse
796 973 864 1028 tuo.

113 1066 195 1139 Sunt
210 1069 273 1141 Dis
289 1067 375 1142 inter
387 1095 422 1141 se
437 1069 629 1141 commercia
645 1099 652 1141 :
669 1069 797 1143 llectere
816 1087 906 1142 tenta
1133 1088 1166 1157 4⁵

159 1182 342 1256 Caesareum
358 1211 481 1257 numen
496 1183 649 1270 numine,
666 1184 810 1271 Bacche,
829 1202 896 1258 tuo.

115 1297 179 1370 llos
196 1325 349 1397 quoque,
367 1315 536 1371 consortes
555 1298 675 1385 studii,
693 1299 748 1398 pia
767 1300 880 1389 turba,
896 1317 1018 1401 poetae,

158 1414 235 1485 Haec
253 1412 364 1486 eadem
380 1431 489 1488 sumto
508 1414 647 1514 quisque
664 1432 778 1509 rogate
793 1444 902 1490 mero:

115 1527 218 1628 Atque
232 1527 351 1628 aliquis
367 1548 527 1617 vestrum,
545 1531 689 1603 Nasonis
706 1533 839 1605 nomine
856 1531 961 1622 dieto,

157 1643 311 1745 Deponat
328 1642 477 1746 lacrymis
494 1645 611 1747 pocula
628 1646 723 1720 mista
742 1646 828 1733 suis;
1134 1666 1167 1719 5⁰

116 1755 373 1857 Admonitusque
387 1759 466 1847 mei,
485 1789 586 1859 quum
602 1759 867 1860 circumspexerit
884 1788 1012 1851 omnes,

160 1871 281 1943 Dicat:
295 1871 354 1943 ubi
370 1891 420 1946 est
435 1877 541 1949 nostri
560 1904 634 1975 pars
651 1876 750 1950 modo
767 1879 858 1951 Naso
874 1878 991 1952 chori?

117 1981 218 2082 quue
234 1983 299 2070 ita,
315 1984 343 2055 si
358 2003 497 2062 vestrum
515 1990 619 2064 merui
638 1990 776 2063 candore
794 1991 958 2081 savorem,

161 2100 326 2202 Nullaque
339 2103 462 2203 judicio
477 2102 572 2179 litera
586 2106 662 2182 laesa
682 2133 754 2187 meo
775 2124 842 2179 est:

115 2218 164 2309 si,
182 2239 326 2294 veterum
344 2220 445 2315 digne
464 2250 597 2297 veneror
614 2253 717 2324 quum
733 2223 855 2325 scripta
873 2222 1032 2310 virorum,
1134 2243 1168 2296 5⁵

159 2334 310 2408 Proxima
326 2364 396 2408 non
413 2335 479 2408 illis
498 2365 567 2411 esse
582 2338 708 2411 minora
725 2365 809 2410 reor.

115 2447 164 2520 Sie
181 2450 282 2545 igitur
299 2451 414 2525 dextro
431 2451 557 2527 faciatis
569 2451 726 2553 Apolline
742 2480 888 2527 carmen:

156 2566 256 2664 Quod
275 2567 368 2657 licet,
385 2567 546 2643 intervos
562 2597 684 2642 nomen
702 2568 820 2644 habete
837 2597 955 2643 meum.

115 2759 186 2816 ovid.
200 2765 227 2817 in
242 2765 308 2817 Met.
319 2766 370 2829 IV,
382 2785 412 2816 υ
425 2783 431 2814 :
446 2783 459 2808 r
474 2764 611 2829 Penthea,
694 2767 733 2831 44.
745 2767 786 2818 stt
799 2783 892 2817 memor
903 2782 959 2817 erse
969 2772 1018 2816 too.
1037 2761 1098 2814 Non
1111 2758 1164 2812 ‹lu-

113 2840 614 2912 tuvenerande,bipenniferumqueby·
658 2841 733 2895 bium
751 2853 803 2906 est,
817 2842 880 2910 quin
891 2840 967 2910 longe
980 2838 1108 2892 melioret
1120 2856 1166 2888 re-

112 2936 218 2987 curgum
232 2917 372 2988 sacrilegos
384 2927 489 2972 mactas.
498 2940 513 2964 »
659 2920 714 2974 rior
723 2922 756 2974 eit
770 2929 859 2972 nostra
870 2919 962 2982 lectio,
975 2937 1014 2972 ure
1022 2935 1117 2970 memor.

146 2997 185 3059 4ο.
195 2997 291 3048 Umbro
298 2997 425 3050 Pentheos.
437 2994 551 3048 Penthei
558 2994 614 3049 ani·
693 3001 733 3050 50.
743 2998 861 3064 Depone!
866 2999 991 3064 lacrymis.
1002 2995 1098 3063 Scripti
1107 2993 1163 3062 ple·

115 3090 164 3124 ma.
175 3072 241 3125 Vide
253 3070 328 3125 ovid.
340 3075 381 3129 lll
395 3072 572 3141 bletamorpb.
642 3099 645 3105 ·
659 3075 735 3143 rique
746 3074 874 3139 Obporret,
891 3070 931 3122 rel
943 3073 1071 3137 Αἱμονιαί.

145 3151 274 3215 4a.Cloro
282 3148 614 3204 Coroootoaetzulicbemie·
694 3144 1164 3216 54.Nullaqoejude'cro.Sinulliusve·

113 3247 163 3282 nus
178 3230 267 3281 Cressa
285 3232 380 3283 Corona
392 3251 399 3282 .·
410 3232 517 3300 optime.
531 3229 567 3283 H.
580 3259 613 3273 -
660 3239 858 3283 strumearmen
869 3225 957 3279 notari
966 3243 1081 3293 unquam
1091 3235 1163 3290 :aut,

113 3306 261 3367 Ariadnen,
272 3307 397 3361 la'l’heseo
408 3309 434 3361 iu
445 3309 520 3362 Naxo
530 3307 613 3361 insula
661 3307 681 3358 si
691 3306 717 3358 in
725 3314 1005 3374 quemquamvestrum
1015 3302 1164 3357 mordacem

111 3384 275 3449 destitutam,
290 3385 403 3438 Baoehus
415 3405 523 3438 uxorem
534 3383 613 3439 duxit.
661 3402 764 3436 versum
776 3380 1046 3449 nunquamrlistrinri.

111 3460 235 3518 Fabulam
250 3463 336 3516 refert
346 3463 423 3517 ovid.
435 3464 461 3515 in
475 3464 487 3517 l
501 3462 534 3514 de
547 3462 612 3517 Arte
694 3460 734 3512 56.
746 3463 865 3513 Proxima
873 3479 923 3513 uon
934 3463 994 3513 illis.
1004 3459 1033 3513 Si
1041 3459 1162 3527 arbitror,

111 3542 220 3595 amendi.
232 3541 274 3594 De
288 3539 395 3593 Corona
404 3559 466 3594 vero
474 3539 610 3606 Ariadna,
661 3537 1162 3608 proximareetraearminaantiquisnon

111 3613 184 3683 legito
192 3619 342 3691 Hyginum,
350 3614 611 3686 quiremmultisrer·
660 3635 715 3668 esse
726 3615 858 3668 interiora.
871 3617 988 3668 Protr'mo
999 3628 1103 3684 autern,
1119 3627 1164 3671 aut

113 3688 150 3743 bis
161 3697 331 3764 prosequitur.
343 3694 421 3747 Mu.
660 3694 757 3754 vicina,
770 3703 815 3746 aut
824 3711 931 3761 nupera
942 3692 1097 3748 vobisedita.

142 3769 315 3833 43.Hocades,
324 3774 535 3825 ercasomleees.
544 3770 612 3841 lege
693 3771 732 3823 58.
747 3772 841 3823 Nomen
856 3773 947 3823 hebere
964 3789 1050 3825 meum.
1066 3775 1164 3825 Habete

112 3856 142 3899 n!
155 3850 260 3906 relever.
272 3853 311 3904 rel
324 3861 349 3903 et
361 3854 450 3904 relevo.
467 3849 612 3902 tt-Pur-
660 3864 721 3899 cnm
732 3845 889 3901 melioribus.
899 3846 975 3899 H.-
984 3846 1162 3901 Solonomine

112 3928 373 3996 cherrr'me.Quiaipse
380 3926 612 3996 Bacchusetbpol·
660 3923 708 3978 sim
721 3925 866 3990 vobiscum,
879 3923 1091 3994 quandoquidem
1102 3938 1162 3973 eor-

113 4006 137 4059 lo
158 4024 265 4075 semper
281 4009 409 4075 juvenes,
426 4006 568 4077 imberbes,
586 4016 614 4063 et
661 4021 724 4071 pore
738 4021 792 4056 non
812 4021 931 4070 possum,
949 4010 1056 4068 propter
1067 4000 1160 4063 Augu·

116 4084 228 4156 virginea
244 4084 316 4140 sarie.
332 4084 418 4139 Pone.
660 4094 729 4138 stum
740 4104 746 4139 :
756 4082 813 4150 vet,
825 4082 877 4135 mei
888 4097 1018 4135 memores
1029 4083 1117 4131 estote.
