2722 4702
199 335 266 419 me
474 336 514 400 Ρ.
546 335 731 404 ovrnrr
757 334 989 406 resonis

247 473 381 547 Aietius
392 471 572 573 adpellem,
589 474 854 577 Tuticanumque
871 501 995 550 vocem.
1234 516 1261 551 ιο

199 589 267 661 Nec
284 603 379 685 potes
396 586 430 657 in
448 615 577 659 versum
594 587 746 660 Tuticani
762 618 852 663 more
868 592 996 676 venire,

247 702 321 776 Fiat
338 718 376 774 ut
392 730 408 775 e
426 701 525 798 longa
538 701 664 802 syllaba
683 703 788 803 prima
804 704 920 777 brevis.

198 819 270 892 Aut
286 817 506 917 producatur,
525 846 596 918 quae
614 847 702 891 nunc
720 819 901 920 correptius
918 820 1004 906 erit,

248 936 293 1006 Et
309 933 353 1007 sit
368 951 516 1035 porrecta
531 933 629 1030 longa
647 933 789 1007 secunda
807 963 907 1008 mora.

200 1049 264 1122 llis
279 1077 340 1145 ego
359 1049 387 1122 si
403 1048 492 1122 vitiis
508 1050 612 1122 ausim
628 1078 838 1151 corrumpere
855 1079 995 1136 nomen,

249 1163 390 1249 Rideat,
408 1181 442 1237 et
457 1164 575 1237 merito
590 1182 707 1263 pectus
723 1165 843 1239 babere
861 1193 970 1261 neget.
1034 1245 1036 1247 .

201 1285 279 1356 llaec
295 1281 376 1353 mibi
392 1309 488 1354 causa
506 1281 570 1354 suit
586 1280 678 1356 dilati
695 1284 838 1356 muneris
853 1284 972 1382 hujus,

249 1396 352 1494 Quod
370 1425 461 1469 meus
478 1397 603 1493 adjecto
622 1396 746 1471 soenore
762 1398 878 1470 reddet
892 1426 978 1493 ager.

201 1511 314 1611 Teque
331 1538 441 1583 canam
462 1537 666 1609 quacumque
682 1528 759 1582 nota
774 1540 782 1582 ε
799 1510 861 1582 tibi
879 1510 1022 1583 carmina
1039 1512 1187 1597 mittam,

249 1628 346 1699 Paene
363 1626 444 1697 mibi
462 1653 566 1721 puero
580 1625 710 1718 cognite
727 1649 818 1721 paene
833 1652 934 1720 pucr;
1226 1662 1258 1697 πο

201 1741 329 1834 Perque
347 1753 397 1807 tot
411 1763 573 1807 annorum
591 1735 725 1821 seriem,
746 1752 828 1832 quot
845 1735 1005 1810 babemus
1022 1756 1179 1840 uterque,

250 1856 325 1924 Nou
343 1850 443 1937 mihi,
463 1879 560 1949 quam
574 1850 667 1923 sratri
683 1851 798 1937 irater,
818 1870 922 1926 amate
939 1853 1059 1928 minus.

201 1974 253 2044 Tu
269 1969 380 2041 bonus
397 1968 564 2055 bortatur,
583 1985 619 2038 tu
637 1965 769 2067 duxque
784 1995 957 2067 comesque
974 1969 1083 2060 suisti,

251 2085 365 2180 Quum
381 2110 524 2177 regerem
543 2098 650 2154 tenera
668 2080 768 2154 frena
784 2080 912 2154 novella
928 2111 1037 2156 mann.

202 2197 294 2298 Saepe
311 2225 373 2292 ego
393 2194 517 2271 correxi
533 2193 595 2269 snb
611 2212 643 2269 te
660 2221 794 2268 censore
811 2192 959 2281 libellos;

251 2313 343 2413 Saepe
362 2311 424 2383 tibi
439 2307 609 2382 admonitu
625 2306 710 2380 facta
724 2306 820 2382 litura
837 2336 909 2382 meo
928 2326 997 2382 est:
1014 2344 1017 2351 ·

203 2430 345 2525 Dignam
363 2422 516 2497 Maeoniis
533 2421 701 2495 Pbaeacida
718 2423 857 2497 condere
875 2424 996 2498 chartis

251 2544 366 2639 Quum
383 2557 413 2612 te
433 2536 579 2609 Pierides
595 2536 794 2636 perdocuere
813 2555 884 2611 tuae.

201 2659 266 2732 llic
282 2674 393 2740 tenor,
409 2654 477 2725 baec
494 2650 591 2724 viridi
608 2653 788 2726 concordia
804 2672 912 2756 coepta
926 2656 1058 2756 juventa
1079 2710 1084 2721 ,
1101 2697 1109 2714 .

248 2773 351 2845 Venit
367 2770 407 2844 ad
424 2768 571 2843 albentes
589 2765 769 2841 illabefacta
787 2796 906 2842 comas.
1225 2794 1259 2843 30

202 2888 286 2984 Quae
299 2884 363 2958 nisi
382 2900 412 2954 te
430 2898 597 2969 moveant,
615 2881 699 2954 duro
715 2880 777 2953 tibi
794 2900 927 2983 pectora
944 2883 1030 2956 ferro

235 3077 272 3110 ιο.
288 3058 390 3110 Arctior
408 3057 538 3122 adpellem.
551 3051 671 3105 strictius
681 3061 707 3104 et
789 3053 827 3105 ab.
836 3055 903 3120 Sepe
912 3058 988 3107 letum
996 3055 1177 3121 estfactatr‘bi.
1186 3056 1259 3125 sepe

200 3139 303 3192 brevius
315 3134 469 3197 nominem,
489 3129 613 3200 ponendo
629 3129 708 3201 sylla·
755 3131 832 3182 etiam
852 3138 880 3183 tu'
893 3132 1035 3199 expunxisti
1053 3132 1080 3183 in
1097 3133 1147 3186 tuis
1162 3136 1259 3204 scriptis

199 3216 261 3269 barn
277 3216 399 3273 brevem,
417 3230 474 3281 quae
489 3221 583 3263 natura
598 3208 706 3277 produci
755 3209 848 3278 aliqua.

201 3292 286 3347 debet.
788 3310 827 3355 ²7·
849 3289 959 3354 Dignum
981 3289 1098 3341 Meom'rb
1117 3294 1262 3346 Pdaeacr'da.

236 3369 709 3435 13.Aulutducatur.Autproducalur
754 3367 867 3433 Drknam
890 3385 920 3417 er
941 3365 1039 3435 seriptis
1060 3369 1215 3427 nonnullis.-
1235 3381 1262 3423 et

199 3459 300 3503 veteres
312 3451 406 3517 majori
419 3459 541 3517 exparte.
556 3448 657 3500 Herus.
754 3445 865 3498 Pe'en'des
883 3453 943 3504 tue.
962 3464 1010 3513 pro
1028 3447 1091 3497 Beae
1110 3467 1140 3501 er
1158 3447 1258 3498 Mureti

236 3527 273 3577 18.
286 3530 358 3582 Meus
372 3547 439 3595 ager.
453 3527 548 3579 Meum
561 3523 705 3591 ingenium.
755 3519 828 3573 libro.
847 3521 945 3574 Hiems.

158 3610 162 3618 '
201 3603 342 3658 -Reddet
355 3622 421 3672 ager.
440 3600 707 3654 Reddetamormulti
789 3598 983 3662 odoramen
990 3597 1260 3662 Pr'eridesperdocum.

201 3690 321 3736 veterum
334 3701 340 3732 ε
353 3693 494 3750 utrumque
509 3680 585 3732 bene.
606 3679 707 3732 Herus.
755 3672 871 3738 Delesti,
887 3674 986 3741 inquit,
1000 3684 1025 3725 et
1035 3683 1060 3724 tn
1070 3670 1190 3739 quedam
1199 3693 1262 3727 meo

235 3760 273 3813 23.
282 3758 320 3808 Tu
329 3759 408 3808 bonus
417 3762 533 3812 hortator.
545 3756 586 3811 Ad
599 3756 707 3809 virtutes
756 3750 892 3802 admonitu
900 3750 926 3801 ln
933 3747 1065 3802 Pbaeacide
1075 3759 1128 3812 lua,
1138 3769 1198 3819 qut
1205 3762 1261 3805 ene

204 3832 378 3907 capessendas.
755 3826 833 3897 digna
856 3838 961 3896 propter
979 3825 1167 3881 sublimitatem
1186 3849 1260 3883 corn-

236 3920 276 3982 ²4·
288 3916 382 3968 Tenem
393 3929 475 3962 manu.
487 3910 602 3964 Juveuili
613 3909 708 3962 mode·
755 3907 840 3972 parari
848 3903 962 3958 versibus
968 3905 1098 3971 Homeri,
1111 3918 1138 3960 et
1148 3908 1224 3960 scribi
1233 3909 1258 3960 in

204 3995 358 4047 tamine-
372 3991 458 4042 Frena
473 3992 576 4039 novelta.
589 3986 706 4059 Tyroei-
754 3983 846 4036 iisdem
868 3984 982 4051 chartis,
1005 3984 1032 4036 iu
1051 3985 1144 4052 quibus
1161 3985 1258 4053 ecripoit

205 4071 278 4122 nium
287 4084 313 4125 et
322 4067 450 4124 lubricum
460 4063 540 4118 etatis
550 4061 707 4131 pullulantia.
755 4061 890 4117 Homerus
903 4081 969 4132 opus
983 4082 1077 4128 sunm,
1096 4083 1129 4116 ex
1138 4080 1191 4131 quo
1201 4079 1254 4114 ma-
