2722 4702
257 353 326 420 nx
348 354 525 423 nonno
548 357 644 424 nrn.
670 359 749 426 111.
776 360 941 431 nrrsr.
968 365 1085 433 vrn.
1140 333 1207 450 ω

189 490 291 566 Nulla
309 513 467 593 premunt
482 524 592 570 ramos
608 497 756 597 pondere
772 527 871 599 poma
888 530 958 575 sno.

143 607 265 681 Tristia
284 606 450 681 deformes
466 611 601 709 pariunt
614 611 779 686 absinthia
797 616 920 715 campi,
1176 643 1205 691 ις

191 723 359 823 Terraque
376 724 415 797 de
432 723 541 800 fructu
559 756 657 828 quam
673 729 716 802 sit
732 758 839 803 amara
858 731 961 804 docet.
1219 725 1223 735 ¹

143 838 201 913 Nil
217 840 320 935 igitur
338 858 406 915 tora
424 843 523 916 Ponti
541 844 674 939 regione
693 844 837 932 sinistri,

192 956 296 1052 Quod
314 984 385 1029 mea
401 956 558 1032 sedulitas
574 959 703 1035 mittere
721 979 852 1062 posset,
868 979 947 1035 erat.

144 1069 264 1146 Clausa
283 1089 392 1146 tamen
407 1073 484 1146 misi
500 1074 657 1174 Scythica
671 1075 733 1149 tibi
751 1074 813 1149 [ela
829 1076 1003 1176 pharetra:

191 1187 315 1274 Hoste,
331 1215 467 1288 precor,
485 1187 565 1261 fiant
582 1188 637 1263 illa
654 1209 788 1263 emensa
806 1207 874 1261 luo.
1172 1231 1204 1266 ιο

143 1302 217 1377 Hos
234 1303 333 1376 haber
350 1303 419 1376 hac
437 1302 598 1395 calamos,
615 1306 677 1380 lios
693 1306 762 1379 hac
777 1304 879 1379 habet
895 1333 952 1379 ora
964 1303 1119 1381 libellos:

191 1424 270 1495 Hae
287 1423 376 1518 viget
391 1425 427 1525 in
445 1425 588 1510 nostris,
606 1423 770 1520 Maxime,
787 1423 886 1496 Musa
902 1420 996 1495 locis.

144 1537 229 1634 Qua
246 1565 432 1640 quanquam
451 1539 578 1612 misisse
594 1539 715 1639 pudet,
737 1539 814 1637 qnia
829 1564 930 1637 parva
946 1538 1115 1628 videntur,

191 1653 243 1724 Tu
262 1668 370 1725 tamen
385 1653 473 1740 haec,
493 1681 623 1753 quaeso,
642 1652 776 1726 consule
794 1653 892 1725 missa
909 1651 1001 1725 boni.

144 1821 196 1876 duo
207 1821 266 1882 alii3
280 1832 309 1873 ut
321 1821 400 1874 Trist.
416 1822 460 1887 11,
481 1824 526 1889 143
537 1843 543 1876 ε
556 1845 569 1868 α
583 1823 647 1876 vidi
695 1821 835 1888 madeant,
857 1841 939 1890 quum
957 1821 984 1874 in
999 1820 1117 1890 prelium
1137 1821 1191 1876 ibis.

143 1920 192 1972 ego
201 1901 345 1969 pampineis
356 1911 490 1954 oneratam
500 1903 594 1955 viribus
606 1901 648 1955 ui·
728 1921 767 1952 al.
780 1903 837 1952 Hos
853 1903 975 1952 calamos.
995 1900 1060 1953 Haec
1075 1901 1204 1954 scribendi

144 1998 229 2032 mum.
238 2000 250 2023 »ι
261 1978 312 2031 Hic
320 1977 435 2047 prinsest
446 1979 647 2046 preferendum.
696 1977 887 2029 instrumenta:
901 1995 963 2028 nam
975 1976 1088 2029 Romani
1100 1978 1202 2031 calamis

179 2079 216 2125 ¹7·
229 2058 307 2110 Ponti
317 2061 420 2108 sinistri.
437 2056 552 2111 Pontice
563 2059 648 2129 regin-
698 2053 830 2113 scribam
847 2052 951 2123 Scytha
967 2071 1032 2104 vero
1048 2054 1151 2122 sagittas
1164 2056 1203 2106 fa-

144 2132 314 2199 nisinfelicis3
328 2133 360 2187 ad
368 2134 459 2187 larvam
469 2134 564 2187 Euxini
572 2137 649 2190 man's
697 2133 784 2195 ciunt,
793 2128 978 2198 quasqnotidie
987 2139 1203 2194 tractantmtnos

142 2214 204 2267 site.
698 2211 813 2265 Romani
823 2210 902 2263 libros
911 2220 937 2261 et
945 2209 1063 2262 calamos.

178 2311 216 2343 so.
231 2295 307 2344 Han!
316 2300 426 2344 cruenta.
444 2287 549 2342 Cruore
564 2288 649 2343 hostili
731 2292 769 2343 23.
789 2289 900 2341 Μὴν.
914 2289 1060 2341 Μιιιιὺιὴπ
1073 2287 1187 2355 quidam.

144 2450 1198 2483 m

457 2584 768 2675 EPISTOLA
803 2592 880 2675 lx.

577 2931 781 3008 BRUTO.

492 3240 848 3303 ARGUMENTUM.

145 3381 278 3452 Querenti
297 3379 396 3445 Bruto,
413 3379 483 3448 quod
502 3379 558 3434 haec
571 3379 687 3434 carmina
709 3380 736 3432 in
758 3378 852 3431 eodem
873 3362 1011 3430 versentur
1030 3392 1200 3450 argumento,

175 3484 261 3535 neque
279 3463 330 3518 sint
346 3462 405 3515 satis
423 3472 558 3526 correcta,
578 3463 735 3529 respondet,
760 3481 786 3514 se
806 3460 907 3515 ίτίεῑεπι
925 3478 1018 3514 canere
1033 3462 1133 3531 tristia,
1156 3466 1201 3521 fa-

173 3566 296 3616 mamque
310 3544 397 3614 operis
408 3543 454 3597 sibi
467 3544 586 3596 viliorem
599 3561 653 3596 esse
664 3543 746 3596 salute
757 3560 811 3594 sua.

145 3698 290 3824 QUOD
315 3727 407 3801 sitin
423 3726 476 3799 his
494 3725 603 3799 eadem
622 3725 800 3810 sententia,
818 3725 920 3800 Brute
933 3781 942 3811 ,
956 3724 1094 3818 libellis,

189 3840 343 3912 Carmina
357 3844 469 3917 neseio
487 3870 584 3942 quem
600 3869 731 3942 carpere
750 3857 863 3913 nostra
877 3842 977 3915 refers
990 3875 997 3916 :

175 4025 195 4058 ι.
208 4006 446 4131 Enerpssenrentia.
456 4004 556 4060 Eadem
564 4007 672 4060 materia
682 4025 733 4074 qna
743 4024 803 4058 usus
811 4025 869 4060 sum
878 4008 957 4062 etiam
969 4010 996 4062 in
1008 4005 1113 4074 reliquis
1121 4002 1199 4069 hujus

144 4097 228 4147 aperis
251 4100 258 4129 ι
277 4098 291 4130 e
311 4097 338 4130 rs
