2722 4702
139 353 205 437 ιιι

407 347 446 411 P.
478 346 661 413 OVIDII
694 344 921 415 NASONIS

189 491 267 562 Haec
284 485 438 586 quoniam
455 483 552 559 tellus
568 483 768 559 testificanda
785 486 866 558 mihi
884 503 944 560 est.

141 604 196 680 llli
214 632 285 691 me,
304 601 380 702 quia
397 598 479 673 velle
498 599 630 688 vident,
648 600 810 676 discedere
826 600 974 675 malunt:

187 721 355 816 Respecto
373 713 511 813 cupiunt
529 711 583 787 hic
599 731 706 787 tamen
724 743 793 788 esse
807 714 867 788 sui.

1158 751 1204 789 100

139 837 209 909 Nec
226 832 309 906 mihi
325 828 525 904 credideris:
546 847 674 904 exstant
691 830 838 919 decreta,
856 829 980 931 quibus
994 858 1058 904 nos

190 944 340 1031 laudat,
360 960 393 1015 et
411 943 573 1016 immunes
589 941 722 1041 publica
739 970 811 1017 cera
826 942 912 1016 facit.

143 1061 349 1136 Conveniens
366 1057 492 1131 miseris
510 1057 578 1131 haec
597 1084 785 1157 quanquam
800 1055 903 1151 gloria
918 1082 988 1128 non
1005 1073 1078 1144 est,

191 1173 345 1247 Proxima
360 1171 439 1245 dant
454 1170 552 1244 nobis
569 1169 690 1271 oppida
706 1197 826 1243 munus
842 1169 937 1242 idem.

142 1293 211 1364 Nec
226 1288 332 1389 pietas
347 1287 459 1382 ignota
475 1314 546 1360 mea
561 1303 633 1359 est:
647 1283 736 1358 videt
751 1283 882 1384 hospita
901 1281 999 1356 tettus

1161 1307 1207 1359 105

191 1409 231 1480 ln
247 1421 360 1479 nostra
376 1432 504 1479 sacmm
521 1401 657 1477 Caesaris
673 1428 744 1476 esse
761 1401 871 1475 domo.

145 1527 240 1599 Stant
256 1522 382 1624 pariter
397 1538 560 1620 natusque
577 1520 675 1619 pius,
693 1519 878 1617 conjuxque
894 1515 1056 1603 sacerdos,

192 1637 334 1710 Numina
348 1636 415 1731 jam
431 1633 518 1706 sacto
534 1660 604 1704 non
620 1631 738 1704 leviora
756 1633 839 1704 Deo.

144 1757 217 1826 Neu
235 1750 320 1822 desit
336 1775 413 1849 pars
428 1746 496 1820 ulla
513 1747 649 1834 domus,
666 1764 731 1821 stat
745 1765 884 1848 uterque
900 1766 1077 1848 nepotum,

192 1863 257 1936 Hic
273 1861 352 1936 aviae
367 1859 461 1934 lateri
476 1859 666 1959 proximus,
685 1861 740 1935 ille
756 1865 869 1964 patris
1162 1905 1207 1964 ιιι.

144 1978 208 2053 His
224 2006 285 2073 ego
303 1976 347 2050 do
364 1975 462 2050 toties
479 2004 553 2049 cum
571 1991 643 2050 ture
661 1979 825 2077 precantia
839 1978 957 2065 verba,

145 2131 273 2187 nonnulli.
285 2131 373 2186 Nostri
381 2149 445 2183 vero
453 2129 511 2182 Hoc
523 2138 651 2183 tutantur.

176 2231 217 2283 qo„
234 2212 341 2271 Ille‘nse,
355 2213 399 2277 psi
416 2209 584 2268 stetissem,
606 2209 652 2259 ds·-

127 2349 133 2355 ,
146 2293 246 2342 scedere
261 2290 364 2340 malunt.
380 2288 446 2351 Quia
456 2286 611 2337 velleus'dent
622 2300 653 2337 es

146 2369 254 2438 scriptis.
276 2367 385 2419 Prsestet
402 2362 481 2416 etiam
502 2366 605 2424 melent,
625 2371 653 2414 et

147 2466 209 2500 mox
225 2449 342 2513 cuperent,
361 2460 409 2510 pro
424 2445 532 2507 capuae.
553 2440 652 2493 Herus.

148 2525 341 2588 -Ille'neqm'a
347 2521 509 2571 vetlem'deas.
518 2515 654 2570 ttti‘romt-

149 2611 192 2667 te,
203 2599 247 2668 qui
257 2596 346 2649 vident
355 2592 512 2647 desiderium
519 2611 606 2645 meum
616 2591 652 2643 di-

149 2677 274 2734 scedendi
286 2676 317 2728 ab
330 2673 404 2726 eisin
421 2672 544 2742 patriam,
556 2670 652 2723 vellent

150 2770 181 2814 ut
194 2756 361 2812 discederem.
373 2752 426 2806 Sed
442 2764 543 2814 tamen,
555 2762 603 2803 etc.

186 2855 240 2890 100.
257 2837 380 2898 Respecto
397 2835 445 2882 sui.
465 2832 588 2895 Respecto
607 2846 653 2879 suo

149 2913 261 2978 Morari,
272 2909 356 2964 Servii
367 2908 475 2974 etprim.
484 2904 546 2957 edit.
558 2903 653 2956 Habita

149 2994 250 3047 ratione
262 2990 378 3058 ipsorum
389 2986 565 3049 Tomitarum,
572 2995 650 3036 eteo-

150 3087 300 3125 eumcausa.

188 3168 243 3201 101.
260 3145 316 3197 Nec
331 3147 392 3197 mihi
408 3144 549 3194 credideris.
563 3137 654 3190 scribo

156 3231 221 3281 Neu.
232 3224 268 3277 H.
275 3251 308 3263 -
318 3226 431 3276 Exstant
441 3226 545 3272 decreta.
562 3217 655 3283 Appa-

151 3314 212 3358 rent
222 3302 369 3356 sanctiones
377 3298 543 3350 Tomitarum
558 3295 590 3346 de
602 3312 653 3345 mo.

150 3403 182 3420 —
193 3383 357 3434 laudaticos.
366 3376 466 3429 Laudat
474 3394 559 3428 mores
568 3383 594 3426 et
604 3373 652 3424 vir·

154 3466 222 3510 tutes
231 3476 310 3510 meas.

189 3525 654 3596 102.mmnssacosacttexem-

153 3615 210 3677 ptos
228 3610 301 3661 omni
315 3624 396 3658 onere
411 3603 518 3657 civitatis
531 3613 557 3656 et
570 3604 654 3654 tribu-

149 3680 653 3749 torum-Puble'caecera.Decretatpu·

152 3765 218 3821 blica
227 3761 323 3828 scripta
338 3763 366 3814 in
380 3760 471 3815 tabuiis
488 3757 595 3823 ceratis,
613 3756 653 3809 vel

153 3841 261 3912 sigillata
279 3837 362 3905 sigillo
386 3836 530 3905 reipublice
556 3835 652 3887 Tomi·

152 3931 228 3974 tane.

187 3998 241 4048 103.
261 3990 411 4045 Coseess'm
425 3994 521 4039 niserr's
535 3999 561 4039 et
569 4007 653 4056 quae·

152 4091 224 4138 quase
229 4075 311 4139 {lons
319 4074 422 4122 nonest.
430 4063 507 4131 laege,
513 4067 567 4118 dec
574 4084 654 4131 qnas-

699 2152 773 2202 qms
782 2136 876 2201 glano,
893 2149 954 2185 cum
963 2148 1018 2183 uno
1032 2130 1161 2185 Vaticano
1179 2144 1206 2186 et

701 2210 903 2273 Twisdeniano,
916 2206 957 2260 vel
967 2227 1000 2261 ea
1006 2213 1097 2277 'Ione
1113 2209 1206 2264 Posset

700 2298 727 2339 st
732 2284 816 2355 {mesu
825 2284 926 2354 refingi.
934 2287 997 2338 Hec
1005 2290 1104 2354 gesem
1116 2285 1207 2343 hiess-

702 2382 755 2415 eor.
767 2364 867 2416 Hutns‘.

737 2441 1206 2506 104.Dentaeobisidenmrss.l’rae·

699 2525 769 2569 stant
781 2526 806 2566 et
817 2515 938 2569 osterum
949 2517 1013 2569 mihi
1022 2517 1146 2571 eamdem
1154 2519 1205 2571 im-

700 2593 872 2658 munitatem,
892 2605 919 2647 et
939 2614 981 2648 rne
999 2593 1113 2648 liberant
1131 2599 1205 2648 omni

699 2671 856 2724 tributorum
866 2691 955 2725 onere.

735 2756 788 2801 105.
805 2752 892 2801 Pietas
901 2771 964 2802 mea.
976 2751 1052 2802 Meus
1064 2769 1125 2819 erga
1135 2749 1204 2802 Cae-

699 2846 768 2878 sares
779 2846 862 2878 amor.
873 2855 906 2866 -
917 2830 1027 2894 Hospita
1037 2840 1106 2880 terre.
1117 2829 1203 2881 Terra

701 2905 917 2971 Tomitana‚quss
925 2924 969 2957 me
978 2906 1107 2974 hospitem
1116 2906 1202 2960 habet.

700 2987 924 3049 -Hospitaterrm
938 2987 1024 3037 Tellus
1032 2987 1109 3039 Potio.
1117 2997 1144 3040 et
1153 2997 1200 3040 tres

700 3063 757 3126 aiii,
772 3073 798 3115 et
809 3064 906 3126 nostri,
921 3066 1032 3118 omnino
1045 3067 1148 3121 rectius.

737 3158 790 3206 ¹⁰7·
804 3143 948 3206 censesque
956 3146 1082 3196 sacerdos.
1091 3143 1127 3198 Et
1136 3146 1202 3199 Liria

701 3228 785 3282 casta,
798 3236 856 3284 quse
866 3216 954 3268 Deum
966 3237 1045 3271 suurn
1055 3220 1202 3291 Augustum
1252 3289 1253 3293 Ἰ

700 3295 778 3359 coiit,
799 3304 923 3361 tanquam
939 3295 1088 3350 sacerdotes
1097 3318 1143 3352 sua
1155 3319 1204 3352 nu·

700 3389 779 3423 mina.

737 3465 790 3517 ¹⁰9·
798 3449 863 3499 Pars
873 3450 927 3498 ulla
934 3449 1028 3500 dossas.
1040 3448 1132 3514 Attqua
1142 3465 1205 3513 pars

699 3525 805 3578 tansitis
817 3525 934 3592 Augusti.
951 3552 984 3564 -·
998 3527 1099 3589 [sieque
1117 3527 1207 3590 πέρο-

700 3612 758 3654 tum.
770 3600 890 3668 Uterque
912 3600 1021 3666 Augusti
1038 3615 1139 3665 nepos,
1161 3604 1204 3656 vel

703 3675 783 3730 Caius
796 3677 925 3729 scilicetet
937 3673 1028 3726 Lucius
1040 3692 1072 3724 ex
1085 3673 1203 3746 Agrippa

700 3766 726 3807 et
739 3756 826 3807 Julia:
843 3752 883 3803 vei
898 3749 987 3817 (quod
999 3751 1084 3820 magis
1099 3752 1201 3822 placet)

701 3832 768 3887 filius
778 3833 856 3885 Drusi
865 3829 976 3898 privigni
984 3842 1012 3884 et
1019 3831 1132 3901 Tiberii,
1139 3833 1201 3888 Ger·

701 3915 818 3968 manitus
829 3911 924 3966 scilicet
933 3924 960 3965 et
971 3911 1081 3968 Drusus.
1134 3938 1142 3950 ·

735 4009 789 4042 ιιι.
801 3992 860 4044 esu.
869 3990 990 4061 Augusto
999 3991 1078 4046 Livia
1089 4001 1159 4056 nato,
1170 4008 1197 4042 ac

700 4067 848 4133 nepotibus.
