2722 4702
205 309 269 398 392
489 307 527 371 r.
553 306 733 373 ov1o11
756 304 980 374 ΝΑεοΜε

204 451 250 522 At
267 464 319 532 tu,
338 447 385 518 sic
399 446 520 519 habeas
537 445 690 520 lerientes
707 463 822 520 cuncta
841 448 994 541 sagittam

251 560 306 632 Sic
321 587 489 658 nunquam
506 558 622 658 rapido
639 557 827 658 lampades
819 588 894 655 igne
911 577 1045 647 vacent3
1229 583 1263 633 oo

203 674 257 746 Sic
275 691 367 768 regat
382 674 576 773 imperium,
597 692 764 774 terrasque
780 693 926 749 coerceat
942 704 1057 749 omnes

252 790 377 877 Cesar,
394 789 436 862 ab
455 790 560 863 AEnea
575 791 631 890 qui
650 790 712 864 tibi
729 791 828 864 fratre
844 819 964 892 nepos3

201 903 325 993 Effice,
344 905 386 978 sit
402 903 501 979 nobis
518 933 585 979 non
603 905 819 1005 implacabilis
836 907 900 995 ira,

249 1021 373 1119 Meque
390 1017 462 1090 loco
479 1017 577 1118 plecti
593 1019 814 1094 commodiore
829 1019 915 1092 velit.

203 1138 283 1210 llaec
300 1165 361 1232 ego
376 1136 465 1211 visus
482 1163 568 1209 eram
583 1165 687 1236 puero
705 1136 825 1211 dixisse
842 1136 987 1222 volucri;

250 1256 325 1328 Hos
341 1253 430 1327 risus
446 1253 545 1327 nobis
561 1252 616 1328 ille
634 1254 761 1328 dedisse
781 1282 901 1328 sonos:

201 1373 281 1458 Per,
300 1400 371 1444 mea
388 1369 467 1458 tela,
486 1370 593 1457 laces,
612 1389 645 1444 et
661 1400 737 1471 per,
756 1398 826 1444 mea
845 1369 925 1457 tela,
944 1369 1100 1465 sagittas,

251 1490 316 1560 Per
331 1505 465 1560 matrem
483 1489 574 1585 juro,
594 1489 842 1589 Caesareumque
859 1504 973 1589 capum
1034 1540 1040 1551 .

199 1601 277 1687 Nil,
294 1602 359 1673 nisi
375 1629 586 1687 concessum,
605 1631 667 1675 nos
684 1619 716 1675 te
735 1602 886 1675 didicisse
901 1602 1079 1698 magistro,

247 1716 389 1788 Artibus
406 1731 437 1785 et
456 1713 584 1787 nullum
601 1716 722 1787 crimen
740 1716 847 1789 inesse
864 1717 939 1790 tuis.
1226 1752 1261 1808 7⁰

198 1831 310 1926 thue
327 1827 412 1911 hoc,
432 1825 478 1899 sic
494 1827 620 1899 utinam
638 1826 809 1902 defendere
828 1847 941 1903 caetera
955 1826 1090 1929 posses!

71 2016 80 2037 ἢ
244 1941 318 2015 Scis
336 1940 446 2029 aliud,
464 1941 556 2042 quod
575 1960 605 2015 te
623 1943 761 2031 laeserit,
777 1973 847 2019 esse
864 1945 977 2039 magis.

83 2040 112 2055 ’¹
145 2128 149 2135 ,
197 2054 368 2155 Quicquid
384 2055 418 2128 id
435 2074 504 2141 est,
521 2084 629 2156 neque
646 2058 733 2131 enim
749 2058 849 2132 debet
866 2055 963 2130 dolor
976 2054 1032 2128 ille
1048 2053 1181 2145 referri,

245 2177 320 2246 Non
338 2191 435 2273 potes
452 2202 471 2245 a
489 2172 585 2272 culpa
602 2173 708 2247 dicere
726 2174 840 2248 abesse
859 2191 923 2247 tua.

194 2290 247 2361 Tu
263 2287 342 2363 licet
357 2289 477 2360 erroris
491 2288 557 2361 sub
574 2288 716 2385 imagine
734 2289 856 2363 crimen
873 2285 1075 2374 obumbres,
1221 2307 1253 2377 75

243 2404 320 2475 Non
337 2400 468 2494 gravior
482 2402 600 2475 merito
615 2401 753 2474 vindicis
766 2401 814 2472 ira
825 2401 899 2473 luit.

192 2519 240 2588 Ut
259 2533 366 2586 tamen
383 2511 603 2613 adspicerem,
614 2513 871 2615 'consolarerque
884 2512 1064 2610 jacentem,

218 2688 222 2695 .
242 2633 349 2730 Lapsa
363 2658 425 2730 per
443 2629 618 2706 immensas
633 2644 685 2702 est
699 2629 782 2703 mihi
796 2654 906 2727 penna
921 2626 998 2699 vias.

190 2746 268 2818 Haec
286 2743 358 2816 loca
379 2761 447 2817 tum
465 2743 606 2843 primum
624 2740 712 2830 vidi,
732 2770 833 2844 quum
853 2758 955 2816 matre
971 2756 1108 2839 rogante

240 2860 376 2933 Phasias
394 2877 444 2930 est
459 2855 532 2930 telis
549 2853 612 2928 lixa
628 2855 738 2957 puella
751 2858 842 2932 meis.
1217 2883 1250 2932 so

188 3033 692 3105 llloreti.Composuissenesasssorborn.
744 3042 845 3092 Cetera.
867 3039 936 3107 Quce
955 3040 1077 3093 laeserunt
1091 3041 1248 3111 Augustum.

188 3120 292 3188 Fragm.
775 3138 812 3186 7².
824 3117 909 3171 Almd
915 3123 995 3185 magei
1005 3136 1066 3171 esse.
1076 3118 1158 3170 Aliud
1169 3119 1248 3189 magis

218 3199 258 3251 bo.
271 3194 512 3262 lampadesfaces
523 3195 625 3246 amoris.
642 3195 691 3247 His
739 3212 855 3258 nocere,
881 3212 958 3261 quam
977 3195 1094 3247 carmina
1113 3197 1248 3248 amatoria.

184 3276 256 3327 enim
270 3283 406 3328 amantum
418 3290 521 3340 quoque
534 3281 637 3339 pectora
650 3271 691 3323 le·
740 3269 844 3337 Quibus
853 3270 937 3323 verbis
945 3269 1042 3338 liquido
1051 3271 1159 3340 adparet
1169 3312 1176 3338 ,
1187 3272 1248 3325 emi·

183 3352 265 3404 tiebat
283 3350 407 3419 Cupido,
426 3360 453 3402 et
469 3348 600 3415 injiciebat
614 3347 690 3400 ardo·
738 3344 763 3398 lii
772 3357 855 3416 poetae
863 3366 965 3400 eausam
976 3347 1152 3414 aliamluisse,
1166 3368 1245 3416 quam

185 3443 243 3476 rem
257 3437 284 3479 et
297 3428 393 3494 ignem.
736 3425 851 3476 carmina
866 3423 996 3477 amatoria.

216 3501 255 3552 tia.
267 3503 310 3553 Ab
320 3505 402 3554 AEnea
404 3501 496 3567 fratre.
504 3501 603 3555 AEneas
615 3502 687 3554 enim
770 3506 807 3569 74.
817 3505 974 3569 llbnpotcsa
982 3506 1059 3569 culpa
1065 3503 1242 3554 eiecereabesse

183 3588 210 3631 et
223 3574 327 3643 Cupido
339 3577 416 3628 ambo
428 3585 540 3628 matrem
551 3576 686 3631 Venerem
735 3590 786 3631 tua
802 3581 972 3631 literam
986 3588 1110 3645 quatuon
1124 3594 1195 3629 unus
1206 3584 1243 3632 li-

181 3653 305 3708 habuere.
734 3662 897 3721 beradcsse‚·
911 3657 942 3711 al.
950 3660 1094 3709 literae-sse.
1104 3655 1243 3713 Latetali-

214 3733 254 3797 64
263 3731 501 3796 Mcqnelocoplcclr'.
508 3730 684 3785 PoniThuan.
733 3735 796 3802 quid
807 3696 904 3789 mendi
911 3736 946 3788 ll.
954 3734 1149 3787 lluncsensum
1160 3737 1243 3807 expla-

214 3829 253 3878 7⁰·
271 3808 444 3859 Tutsacttbus
453 3806 517 3858 Tuis
526 3809 683 3863 carminibus
731 3822 777 3863 nat
787 3811 890 3865 Phaedr
900 3813 922 3876 l,
933 3829 959 3876 x,
967 3813 994 3861 5:
1002 3813 1082 3876 cnlpae
1087 3831 1241 3877 prorum

180 3882 461 3956 etpraeceptcsdellrte
473 3886 585 3939 amandi
766 3890 803 3955 78.
824 3893 875 3942 Es!
891 3907 946 3941 nea
962 3905 1056 3953 penna
1075 3891 1240 3956 munem

214 3986 250 4031 7¹·
263 3961 404 4029 Defendcrc
413 3972 502 4014 cetera
505 3984 601 4028 posses.
615 3967 683 4018 Pos-
729 3964 783 4017 duo
797 3965 872 4029 libri3
888 3976 915 4018 et
927 3966 1012 4019 nostri
1023 3964 1100 4020 cedet
1319 4028 1323 4037 Ι

177 4059 227 4095 sem
235 4040 362 4099 nonnulli
370 4039 459 4105 Forte,
467 4039 680 4109 desendt'possenl.
761 4042 1235 4112 80.·Paotlaptamas.lttedea,sicdi-
