2716 5214
232 855 297 939 po
502 853 540 915 r.
573 850 756 918 ov1n11
788 847 1015 917 nasonis

280 992 402 1067 Delicti
421 1009 528 1066 tamen
546 1008 597 1065 est
610 1019 706 1071 causa
721 990 890 1091 probanda
905 991 980 1064 mei.

232 1115 308 1186 Non
323 1111 432 1210 potuit
449 1137 520 1182 mea
536 1135 644 1195 mens,
663 1108 743 1207 quin
758 1125 842 1182 esset
853 1120 964 1202 grata,
983 1107 1111 1180 tenerit

281 1227 348 1314 Sit,
367 1253 499 1326 precor,
515 1223 624 1298 officio
639 1252 708 1297 non
723 1224 830 1318 gravis
841 1224 887 1297 ira
904 1223 971 1324 pio.

234 1343 266 1414 Ο
286 1340 416 1440 quoties
432 1367 494 1433 ego
512 1365 584 1411 sum
597 1334 691 1409 libris
706 1337 788 1409 mihi
806 1337 894 1410 visus
911 1336 945 1407 in
962 1334 1036 1408 istis

280 1453 423 1553 Impius,
440 1452 475 1524 in
492 1448 584 1524 nullo
601 1449 690 1550 quod
708 1447 849 1544 legerere
865 1446 961 1521 loco!

235 1570 429 1668 Oquoties‚
447 1567 534 1642 aliud
549 1564 661 1640 vellem
679 1594 781 1666 quum
799 1563 955 1650 scribere,
973 1590 1097 1637 nomen

282 1680 425 1756 Rettulit
443 1681 476 1753 in
493 1708 581 1755 ceras
597 1679 698 1753 inscia
715 1678 827 1752 dextra
843 1679 954 1753 tuum!

234 1797 309 1896 lpse
326 1794 408 1867 mihi
423 1791 548 1892 placuit
562 1793 688 1866 mendis
704 1791 740 1864 in
757 1789 879 1863 talibus
897 1817 1009 1876 error,

285 1911 330 1981 Et
345 1907 399 1981 vix
413 1907 514 1980 invita
529 1906 611 1983 facta
627 1905 726 1981 litura
741 1935 839 1979 mann
857 1922 917 1979 est.

210 2016 215 2027 ⁹
234 2020 364 2093 Viderit
379 2019 421 2091 ad
439 2047 620 2104 summum,
638 2017 723 2104 dixi,
743 2017 819 2091 licet
836 2018 907 2116 ipse
922 2033 1093 2116 queratur;
1260 2041 1290 2090 ις

283 2135 377 2205 llanc
392 2133 495 2230 pudet
511 2132 670 2205 offensam
687 2160 755 2204 non
771 2132 929 2206 meruisse
942 2130 1057 2232 prius!

166 2310 172 2319 .
234 2250 285 2320 Da
301 2245 405 2333 mihi,
427 2247 455 2318 si
473 2245 554 2344 quid
572 2272 608 2319 ea
625 2263 693 2332 est,
711 2247 919 2320 hebetantem
935 2264 1069 2346 pectora
1084 2245 1232 2332 Lethen;

282 2357 417 2434 Oblitus
433 2378 550 2461 potero
564 2390 632 2433 non
648 2379 758 2436 tamen
775 2390 844 2436 esse
859 2363 917 2435 tui.

234 2474 339 2574 quue
357 2476 444 2550 sinus
462 2504 540 2563 oro}
558 2503 619 2550 nec
634 2476 780 2552 fastidita
796 2476 934 2578 repellas

282 2589 415 2675 Verba;
433 2617 493 2663 nec
513 2589 622 2663 officio
642 2591 765 2665 crimen
782 2591 887 2664 inesse
903 2609 1009 2690 putes.

235 2708 279 2776 Et
295 2701 375 2776 levis
390 2704 458 2778 ltaeo
476 2705 601 2778 meritis
616 2704 775 2778 referatur
792 2706 895 2798 gratia
912 2705 1033 2779 tantis:

283 2820 343 2891 Sin
359 2820 486 2903 minus,
503 2819 609 2890 invito
624 2835 656 2891 te
673 2845 805 2919 quoque
822 2836 934 2912 granis
951 2848 1018 2892 ero.

234 2936 411 3033 Nunquam
428 2933 521 3030 pigra
537 2931 600 3005 fuit
614 2934 738 3025 nostris
754 2951 810 3007 tua
826 2935 927 3028 gratia
943 2936 1065 3023 rebus,

282 3046 349 3118 Nee
364 3042 445 3123 mihi
463 3043 632 3119 munificas
645 3073 718 3117 arca
735 3046 864 3139 negavit
881 3073 970 3144 opos.

236 3160 332 3230 Nunc
348 3183 480 3254 quoque
501 3157 548 3229 nil
566 3157 868 3231 subitis‘clementia
885 3158 997 3230 territa
1012 3160 1089 3232 fatis
1256 3180 1283 3228 25

282 3267 449 3343 Auxilium
465 3271 538 3342 vitae
555 3273 701 3369 fertque,
719 3271 865 3372 feretque
883 3299 969 3344 mea.

233 3387 345 3474 Unde,
363 3415 459 3481 roges
476 3388 602 3473 forsan,
620 3386 739 3462 fiducia
754 3406 845 3461 tanta
863 3388 966 3461 futuri

238 3565 291 3606 tem
303 3551 434 3605 contrahis
442 3562 468 3604 et
479 3552 607 3616 irasceris,
617 3552 687 3620 quod
694 3572 737 3622 po·
822 3557 858 3606 15.
880 3556 1155 3608 tarantasmum
1167 3555 1217 3608 Ad
1223 3573 1282 3608 sc·-

236 3632 337 3684 namin
351 3630 706 3699 meisscriptistuanomina.
784 3653 850 3686 mam
863 3634 890 3684 in
904 3632 1044 3686 nonnullis.
1141 3668 1154 3683 .

267 3709 291 3760 8.
304 3711 358 3762 Patr.
376 3710 405 3761 P.
417 3707 486 3760 Dan.
498 3728 560 3762 meo.
820 3709 857 3761 16.
868 3707 925 3762 Ab!
933 3709 1284 3777 pudetolsemndiuaecp*

268 3802 292 3855 q.
312 3787 443 3850 Oquotr'es.
451 3786 588 3851 thuou'es
595 3803 632 3852 pr.
640 3783 738 3836 Medic.
784 3788 828 3837 de!
849 3804 887 3853 pr.
902 3783 975 3838 Med.
986 3795 1013 3836 et
1027 3797 1142 3852 quatuor
1152 3788 1204 3840 alii.
1215 3789 1250 3840 Η.

237 3860 272 3913 Η.
280 3887 312 3900 -
326 3862 356 3913 la
366 3868 424 3914 Istis
434 3865 514 3913 libre's.
526 3862 558 3914 ln
570 3860 620 3913 hoc
630 3861 662 3914 de
672 3862 739 3916 Pon·
818 3863 856 3914 23.
865 3864 995 3930 Nunquam
1002 3861 1141 3929 mmsru't.
1150 3866 1292 3929 Nunquam

237 3947 265 3989 to
276 3958 362 4007 opere.
788 3937 920 3992 detuit-
931 3943 1031 3991 Nostris
1046 3945 1124 3992 rebus.
1143 3941 1173 3992 ln
1191 3940 1292 3993 nostris

272 4035 308 4067 ro.
321 4019 352 4067 Ia
359 4019 428 4065 nullo
438 4017 503 4066 Ioco.
514 4018 546 4068 ln
557 4017 628 4069 nulla
640 4017 738 4086 pagina.
787 4016 988 4070 necessitatibus

271 4093 429 4143 talentum.
440 4090 737 4149 Posuit-laceram
820 4095 860 4145 ali.
876 4095 977 4159 Fertque
988 4092 1110 4160 refertque.
1128 4087 1172 4140 Ad
1190 4089 1239 4145 lib.
1262 4095 1288 4158 l,

235 4166 333 4220 tabutas
345 4178 450 4221 ceratas.
786 4171 865 4224 Trist.
884 4171 953 4237 Eteg.
970 4185 1013 4233 vr,
1026 4165 1114 4220 monui
1124 4166 1215 4220 videri
1227 4171 1288 4224 scri·

269 4245 305 4299 13.
324 4248 382 4310 Ipse
391 4250 559 4313 mae'he‘placuit.
570 4254 629 4318 Ipse
639 4255 736 4318 quidm
786 4247 902 4301 bendum
911 4242 1151 4312 ,seripuefintquu
1163 4247 1238 4313 quod
1251 4266 1289 4301 ee·

235 4342 274 4392 pr.
286 4322 379 4388 editio,
393 4334 419 4376 et
429 4324 585 4395 duoscripti.
600 4329 690 4396 Forte,
698 4333 737 4396 lp·
788 4323 894 4392 quentia
904 4321 1046 4390 requirunt.
1056 4321 1095 4374 ll.
1176 4351 1181 4355 -

236 4421 264 4456 se
272 4405 436 4467 sa'biplacuu.
447 4404 482 4455 Η.
493 4431 526 4444 -
536 4407 644 4458 Mendes.
661 4409 738 4476 Wp'is
819 4423 858 4470 ²7·
880 4400 1030 4465 vacemus
1036 4397 1139 4465 forsan.
1151 4403 1237 4468 Roget
1244 4402 1288 4454 Be-

234 4475 305 4539 duo;
317 4481 424 4529 maculis
433 4497 500 4532 unus
509 4497 517 4541 ς
525 4486 616 4534 vinclis
624 4481 735 4550 Regius,
784 4477 822 4530 sil·
837 4479 874 4533 H.
885 4504 917 4517 -
928 4476 1024 4529 Futuri.
1037 4476 1145 4532 Futura
1154 4480 1209 4547 opis
1222 4490 1288 4541 tuce,

234 4553 411 4624 mfflrsbeid.
524 4561 525 4565 ’
588 4624 591 4630 .
784 4558 845 4625 quia
856 4576 995 4626 nunquan
1008 4576 1051 4612 me
1061 4557 1160 4612 fefellit.
