2722 4702
286 370 354 439 EX
377 369 554 439 PONTO
577 372 675 440 LIB.
701 375 777 441 111.
802 377 968 446 EPIST.
994 380 1048 446 1·1.
1127 381 1191 448 335

141 510 286 587 Sacrifici
303 539 406 606 genus
420 530 490 600 est,
509 515 555 586 sic
572 514 743 589 instituere
759 516 903 615 priores,

188 626 323 699 Aduena
338 627 483 721 virgineo
502 655 602 701 caesus
617 644 656 700 ut
672 656 747 701 ense
765 629 866 703 cadat.

141 747 257 840 Regna
273 744 385 817 Thoas
401 743 540 831 habuit,
557 745 710 818 Maeotide
727 744 833 820 clarus
848 747 882 819 in
901 776 977 822 ora:

189 866 259 935 Nec
274 861 340 933 suit
356 861 495 935 Euxinis
510 862 621 935 notior
635 860 716 934 alter
727 864 831 962 aquis.

144 980 280 1079 Sceptra
296 992 425 1048 tenente
441 972 517 1061 illo,
534 974 677 1076 liquidas
692 976 806 1052 secisse
824 1006 883 1077 per
899 1007 994 1052 auras

191 1093 310 1166 Nescio
330 1118 427 1191 quam
446 1090 559 1163 dicunt
573 1090 767 1193 Iphigenian
784 1091 865 1178 iter;

146 1209 253 1305 Quam
270 1203 397 1278 levibus
414 1203 520 1277 ventis
535 1204 596 1277 sub
612 1205 701 1278 nube
716 1233 776 1305 per
790 1233 922 1304 aequora
938 1224 1062 1280 vectam

193 1318 346 1396 Creditur
360 1319 413 1393 his
430 1318 554 1391 Phoebe
572 1318 760 1419 deposuisse
776 1319 867 1394 locis.

147 1437 321 1510 Praesucrat
334 1433 457 1536 templo
473 1434 597 1507 multos
615 1463 651 1508 ea
667 1436 728 1507 rite
742 1465 802 1536 per
818 1465 936 1525 anuos,
1165 1465 1200 1516 65

191 1555 297 1627 Invita
312 1580 470 1653 peragens
487 1552 591 1626 tristia
609 1579 699 1624 sacra
714 1579 830 1640 manu;

147 1672 260 1770 Quum
278 1671 345 1744 duo
362 1668 490 1745 velifera
504 1673 638 1768 juvenes
653 1695 768 1741 venere
785 1670 922 1771 carina,

170 1826 174 1831 ·
194 1789 452 1885 Presseruntque
469 1814 528 1858 suo
549 1784 642 1858 litora
658 1801 770 1857 nostra
787 1785 879 1884 pede.

146 1903 213 1976 Par
225 1900 290 1972 suit
305 1898 359 1970 his
374 1915 470 1985 atas,
487 1918 520 1973 et
534 1928 651 1973 amor:
671 1927 811 1999 quorum
829 1899 910 1975 alter
929 1905 1083 1996 Orestes,

197 2015 293 2090 Alter
308 2031 378 2087 erat
391 2011 527 2112 Pylades
543 2044 551 2086 ε
568 2014 700 2087 uomina
715 2014 799 2086 lama
817 2030 914 2088 tenet
1170 2069 1202 2118 7⁰
1314 2018 1323 2027 ·

149 2133 307 2209 Protinus
324 2128 482 2202 immitem
500 2129 617 2202 Triviae
634 2129 800 2202 ducuntur
815 2129 856 2200 ad
871 2158 974 2220 aram,

195 2247 327 2322 Evincti
345 2243 491 2340 geminas
505 2240 546 2313 ad
562 2270 619 2315 sua
636 2261 723 2338 terga
742 2269 866 2316 manus.

151 2363 283 2465 Spargit
297 2386 381 2461 aqua
396 2374 510 2456 captos
526 2352 653 2429 lustrali
672 2357 769 2430 Graia
783 2358 952 2448 sacerdos,

199 2473 332 2549 Ambiat
348 2489 386 2545 ut
400 2469 504 2544 fulvas
521 2466 740 2565 infulalonga
758 2500 874 2546 comas.
958 2486 967 2499 ¹

152 2639 291 2709 eligebatur
302 2637 395 2690 Dianae
409 2635 527 2690 sacerdos
537 2637 566 2689 in
578 2635 653 2689 Tau·
721 2634 774 2690 ·65.
785 2636 977 2706 Persueretetc.
991 2640 1131 2710 Praeposito
1143 2641 1202 2696 fue·

152 2719 326 2790 dangione.
700 2725 741 2769 rat
758 2712 892 2785 Iphigenia
913 2717 1010 2786 templo
1031 2719 1067 2771 illi
1084 2720 1201 2773 Tauricae

182 2800 220 2865 57.
233 2797 277 2850 Se'c
287 2797 411 2845 aestatum
416 2800 543 2859 parentes.
554 2792 653 2843 Priores
701 2788 802 2843 Dianae.

151 2874 229 2928 Polit.
241 2883 268 2926 et
281 2867 356 2921 multi
374 2867 430 2931 alii;
448 2867 517 2934 quod
534 2865 613 2919 etiam
625 2867 652 2919 in
733 2868 772 2920 tt.
792 2870 875 2921 Invita
892 2888 973 2921 mann.
990 2874 1044 2923 Nec
1054 2876 1170 2938 placent.
1180 2913 1201 2926 ..

150 2953 203 3008 suis
214 2949 359 3016 Naugerius
376 2947 490 3010 invenit,
514 2955 540 2998 et
553 2945 653 2998 Pierius
701 2948 776 3003 Feci,
800 2963 884 2996 cruore
905 2945 1046 3013 deffluentes
1061 2952 1198 3016 hospitum,

153 3026 308 3081 Valerianus
315 3024 346 3075 ad
354 3023 395 3077 lib.
404 3025 416 3076 l
424 3024 486 3074 AEn.
496 3022 604 3091 Virgilii.
616 3023 653 3075 ll.
701 3043 731 3076 ex
745 3025 834 3091 Eurip.
844 3024 893 3076 sab.
908 3044 945 3077 ro.

186 3108 226 3159 58.
239 3107 307 3156 Ense
318 3107 432 3168 virgineo.
445 3099 652 3171 Cullrorirgiuis
735 3122 772 3170 7²·
791 3104 894 3154 Ece'ncle'
908 3108 1028 3170 gemenas.
1049 3105 1113 3159 Erat
1131 3109 1202 3162 eninr

153 3181 301 3239 sacerdotis.
701 3179 880 3242 consuetudo,
899 3191 929 3233 ut
949 3183 997 3233 aris
1015 3181 1136 3238 destinati
1154 3188 1202 3240 ho-

187 3267 226 3334 59
238 3264 327 3314 Thoas.
335 3259 386 3312 Adi
394 3257 540 3327 Euripsab.
550 3276 588 3321 ιο,
596 3257 653 3309 Cur·
701 3257 785 3309 mines
797 3257 945 3326 ligarentur.

153 3362 197 3397 sas
208 3336 437 3404 Thoantr'fecr'thoc
447 3356 534 3389 nornen
540 3337 637 3403 pedum.
735 3334 772 3399 73.
783 3336 960 3401 Spondaque.
970 3335 1069 3403 Spargi!
1075 3341 1203 3398 meliores.

184 3419 224 3471 lie.
235 3418 286 3468 Per
293 3417 490 3481 le'qur'dasaueas.
499 3412 551 3464 Per
558 3428 653 3478 purum
701 3412 829 3478 -Sparse't
838 3422 925 3477 captos
934 3416 1038 3467 lustrali
1044 3425 1092 3469 etc.
1103 3419 1204 3476 Lustra·

154 3514 219 3548 aera.
229 3495 297 3547 Nota
304 3503 343 3544 est
351 3489 434 3542 sabula
444 3529 450 3554 ,
463 3498 579 3558 ereptam
587 3486 654 3556 lphi·
701 3489 753 3542 lem
762 3509 855 3558 aquarn
864 3489 992 3559 intelligit,
1001 3493 1203 3562 qualustran'die

150 3574 254 3642 geniam
268 3572 361 3625 Diauae
375 3566 585 3629 sacrificandam,
598 3578 625 3619 et
639 3586 654 3618 a
703 3587 731 3619 ac
748 3567 888 3636 purgandis
905 3567 994 3623 hostiis
1013 3570 1202 3649 adhibebatur;

154 3649 212 3701 Dea
224 3650 334 3702 delatam
347 3667 394 3718 per
405 3665 464 3699 aera
476 3646 502 3697 in
514 3645 538 3696 Τ
540 3643 654 3697 audeam
701 3663 756 3697 non
768 3647 863 3699 molam
872 3665 971 3716 :neque
980 3649 1052 3702 enim
1060 3654 1128 3709 mola
1138 3677 1203 3728 aqua

155 3724 305 3792 regionem,
320 3743 475 3793 cereamque
488 3740 536 3790 pro
551 3741 581 3774 ea
592 3721 655 3775 sub·
701 3723 847 3786 constabat,
864 3723 908 3775 sed
918 3722 1018 3778 hordeo
1030 3730 1117 3784 etsale
1130 3751 1202 3800 :quo

154 3801 280 3870 positam,
294 3800 529 3866 utServiusdocet.
702 3810 841 3867 antequam
854 3799 941 3855 hostiae
954 3803 1147 3873 jugularentur,
1158 3827 1202 3860 aa·

186 3877 226 3930 63.
244 3878 293 3927 Per
307 3894 365 3927 aera
381 3886 483 3929 nectam.
498 3879 548 3928 Per
559 3893 655 3942 equora
700 3877 774 3946 pergi
782 3876 829 3929 illis
837 3888 914 3947 atque
925 3878 1016 3937 oller-n·
1028 3885 1151 3940 ,olebant
1164 3882 1202 3933 Μ.

153 3953 242 4023 scripti
261 3952 318 4004 sere
336 3969 446 4017 omnesg
462 3971 525 4009 natu
545 3951 578 4006 de
596 3970 654 4006 aere
736 3957 775 4023 74.
798 3956 834 4006 U!
852 3957 935 4024 lnfiela
953 3964 1029 4028 longa
1044 3965 1145 4014 ambiat.
1163 3957 1202 4010 Ut

157 4036 209 4101 iarn
222 4033 329 4086 dixerat.
348 4032 447 4084 Herus.
703 4032 785 4086 infula
798 4035 948 4090 circumdet.
961 4040 1025 4091 Erat
1035 4039 1105 4088 eninr
1119 4034 1201 4102 ensula

189 4113 228 4178 64.
239 4112 339 4164 Pnaee.
354 4107 446 4162 Diana.
703 4111 777 4166 fascia
796 4112 823 4167 in
832 4115 951 4175 modum
969 4109 1138 4178 diadematis,
1150 4123 1203 4169 eta

281 4203 318 4274 V
316 4200 371 4267 II.
983 4203 1025 4265 25
