2722 4702
302 333 707 413 summumne.
739 344 806 414 1v.
839 346 1062 418 ennox.
1159 376 1220 446 ¹97

208 481 401 557 Abstulerat
419 483 525 557 decies
540 485 671 584 praemia
686 486 791 560 victor
805 514 923 588 eques;

157 597 290 693 Quum,
308 596 409 671 maris
423 598 545 669 Euxini
562 599 688 698 positos
704 600 744 673 ad
763 599 859 689 laeva,
877 603 1026 676 Tomitas

209 715 363 809 Quaerere
378 740 431 787 me
447 713 514 786 tasi
531 715 692 815 principis
709 714 757 788 ira
768 715 873 812 jubet.

159 829 266 903 Causa
281 857 376 916 mea,
396 831 524 903 cunctis
540 831 677 902 nimium
694 858 828 930 quoque
844 849 943 919 nota,
961 832 1065 907 ruinae

208 947 337 1021 Iudicio
351 975 420 1020 non
437 965 487 1021 est.
506 946 708 1021 testificanda
723 975 806 1019 meo.
1117 1036 1120 1041 Α
1174 989 1220 1026 ιοο

159 1064 252 1161 Quid
267 1066 404 1138 reseram
417 1064 642 1163 comitumque
654 1063 764 1148 nefas,
779 1062 986 1165 lamnlosque
998 1070 1176 1145 nocentes?

208 1181 284 1280 lpsa
300 1178 403 1253 multa
419 1176 480 1251 tuli
499 1207 568 1250 non
583 1177 703 1251 leviora
719 1177 807 1272 luga.

160 1294 330 1392 Indignata
350 1292 443 1369 malis
459 1322 552 1367 mens
571 1311 621 1367 est
636 1292 868 1382 succumbere,
887 1323 987 1395 seque

209 1410 366 1484 Praestitit
381 1410 532 1484 invictam
549 1409 676 1482 viribus
692 1437 751 1481 usa
768 1409 851 1483 suis:

161 1524 362 1627 Oblitusque
381 1543 479 1620 togae,
497 1525 669 1623 ductaeque
685 1552 745 1623 per
759 1524 827 1597 otia
842 1525 933 1614 vitae,

209 1640 343 1716 insolita
357 1641 430 1742 cepi
447 1640 607 1741 temporis
622 1667 709 1711 arma
726 1668 845 1713 mann:

161 1756 292 1857 Totque
311 1756 372 1830 tuli
389 1774 472 1830 terra
490 1784 585 1830 casus
602 1753 806 1856 pelagoque,
826 1774 908 1856 quot
924 1756 1010 1832 inter

214 1869 391 1943 Occultum
407 1870 505 1944 stellae
521 1871 802 1972 conspicuumque
819 1871 943 1972 polum.

165 1986 265 2058 Tacta
283 1985 363 2057 mibi
381 1985 522 2072 tandem,
538 1986 649 2083 longis
665 1987 833 2060 erroribus
850 2006 939 2077 acto,
1020 2076 1024 2085 ι

211 2102 333 2174 Juncta
349 2098 546 2200 pharetratis
562 2100 719 2174 Sarmatis
736 2129 795 2174 ora
815 2101 926 2175 Getis:
1176 2149 1222 2185 uo

163 2217 226 2291 llic
241 2246 322 2314 ego,
338 2215 489 2290 finitimis
507 2216 650 2316 quamvis
669 2217 890 2289 circumsoner
906 2216 1025 2305 armis,

161 2369 667 2445 Pirascoronabanturvictoresinsslym·
751 2371 805 2424 106.
823 2373 932 2424 Insolito
948 2378 1004 2439 cept
1018 2380 1134 2441 temporat
1148 2397 1222 2441 ama

162 2450 217 2520 pico
227 2451 378 2505 certamine.
714 2467 796 2502 maun.
813 2451 875 2502 Tum
884 2455 957 2519 prius
973 2451 1105 2521 &allgem
1121 2474 1223 2526 perpe.

192 2530 231 2602 96.
248 2532 396 2584 Abstulerat
408 2531 490 2582 decr'es
500 2541 549 2584 etc.
562 2526 665 2582 Decem
713 2546 771 2580 ram
780 2529 825 2583 :sic
832 2539 946 2598 temporis
953 2534 1035 2583 uultus
1041 2531 1146 2601 Nostro,
1154 2535 1223 2591 Met.

164 2607 342 2682 Olympiadas,
355 2609 543 2680 quinquaginta
556 2627 648 2662 annos.
714 2607 792 2675 Xlll,
801 2611 849 2676 444
860 2629 865 2662 :
877 2632 889 2654 «
901 2609 1040 2680 Temporis
1046 2610 1221 2671 illiusrultum

196 2709 248 2742 ros.
260 2693 362 2758 Ipseque
369 2692 448 2742 multa
458 2693 507 2740 tuti
514 2709 564 2742 uon
571 2693 667 2741 Imbres
713 2684 844 2740 referebat
861 2687 991 2756 Achilles,
1007 2687 1071 2756 Quo
1085 2690 1157 2746 ierus
1171 2694 1222 2748 in-

155 2765 598 2834 lesga.'r31psequemendosumest;
608 2767 668 2833 Ipse
713 2763 1221 2834 justopetiitAgamemnonalemo;»et

163 2841 665 2913 optimustlleeliceus;aliiduolpsaqm
713 2844 1222 2912 temporr'smlate'aapudAusoniumffls-

164 2940 231 2974 unus
238 2925 296 2988 lpse
307 2937 366 2987 ego,
378 2922 453 2990 prim.
463 2919 585 2971 Politian.
593 2922 668 2986 Ipse.-
714 2931 781 2972 rent.
791 2941 804 2964 «
815 2919 1016 2975 Admittuutalii
1023 2922 1112 2975 solatia
1121 2933 1221 2994 tempo-

166 3008 250 3061 recte;
270 2997 319 3048 nisi
336 2997 402 3065 quod
420 2997 497 3057 scribi
516 2994 586 3047 malo
596 3012 604 3046 s
616 3017 630 3042 ι
643 2997 667 3052 Λ
715 2999 749 3051 ris
758 3017 838 3065 aegre;
851 3019 863 3039 υ
874 2996 908 3046 ita
916 2997 997 3050 scribe
1008 3017 1014 3050 ε
1025 3018 1086 3052 nam
1095 3004 1221 3070 taiper-

169 3077 224 3142 quls
237 3073 318 3125 multa
329 3074 374 3128 tuli
386 3094 441 3128 non
457 3072 553 3125 leviora
563 3071 625 3144 luga
635 3092 643 3128 ε
653 3098 666 3122 ι
715 3094 804 3145 peram
817 3074 917 3143 legitur.
931 3075 1021 3129 Potest
1031 3086 1058 3129 et
1070 3083 1095 3131 τὶ
1105 3086 1220 3145 temporis

168 3151 201 3203 de
214 3151 317 3203 famulis
328 3153 398 3205 enim
409 3163 436 3206 ct
448 3151 586 3206 comitibus
596 3171 667 3223 que-
714 3151 1219 3222 cumabsolitaconstruill-Cepr'aru

165 3229 236 3282 citur
246 3228 325 3281 etiam
334 3228 411 3282 Pont.
419 3230 460 3297 ll,
471 3229 544 3297 Eleg.
554 3243 610 3296 vu,
620 3228 666 3283 bs:
714 3236 836 3296 temporis.
854 3227 929 3299 Coepi
944 3231 1056 3300 tempori
1069 3231 1179 3304 cedere,
1192 3249 1221 3294 et

166 3335 179 3359 ἰ
190 3311 273 3365 Recta
284 3308 348 3362 fides
355 3310 480 3364 comitum
492 3306 667 3379 poteratnela
715 3306 858 3361 necessitati
868 3326 959 3376 parere
969 3346 978 3376 ,
992 3307 1111 3364 utvirum
1121 3311 1219 3370 [ortem

162 3403 251 3447 nostra
263 3391 364 3454 levam
373 3390 459 3444 Ditata
468 3400 507 3443 est
514 3387 667 3461 spoliispsr·
714 3387 796 3439 decet.

162 3470 214 3523 lida
231 3469 311 3523 turba
328 3467 399 3521 meis
412 3489 425 3514 »
444 3468 586 3532 Muretus,
602 3472 666 3521 teste
750 3464 804 3516 rot.
818 3465 950 3517 Occultum
956 3467 1049 3532 polum.
1062 3465 1116 3521 Per
1126 3471 1219 3528 occul-

164 3547 291 3615 clolano,
305 3547 548 3615 Etyuaenrnltatulr'.
652 3561 667 3595 r
714 3552 770 3595 turn
785 3540 889 3612 polum,
906 3540 1072 3597 Australem:
1088 3565 1135 3614 pec
1148 3567 1220 3604 cou-

165 3625 281 3679 esterisco
298 3624 385 3677 locum
399 3630 518 3683 notarat;
532 3619 566 3672 lt·
713 3617 829 3688 spicuum
839 3637 915 3684 vero,
924 3619 1172 3689 septemtrionalem
1178 3626 1218 3679 in.

167 3717 215 3750 nus
227 3719 234 3752 ι
249 3723 263 3747 s
277 3702 334 3770 {psa
344 3710 432 3753 morte
444 3699 493 3752 tuli
505 3716 560 3750 non
572 3695 667 3752 testera
714 3694 819 3767 telligit3
834 3694 975 3766 Virgilius,
993 3696 1088 3770 Georg.
1107 3702 1136 3767 l,
1152 3705 1216 3771 242:

168 3777 242 3830 mata.
252 3800 265 3824 n
277 3781 313 3832 H.
715 3797 727 3820 s
739 3775 789 3828 Hic
799 3776 967 3829 vertexnobis
975 3795 1078 3846 semper
1085 3779 1215 3840 sublimist

204 3860 259 3909 105.
278 3860 419 3928 otiumque
432 3864 488 3912 mer'.
509 3860 583 3926 Toqae
595 3854 666 3915 idem
714 3863 740 3906 at
753 3853 825 3907 illum
837 3854 893 3910 Sub
905 3852 1013 3923 pedibus
1025 3856 1089 3927 Styx
1102 3867 1157 3908 atra
1171 3854 1216 3905 vi-

165 3932 667 4005 Rictrettanustt-Erobticuerimus
714 3931 774 3999 det,
786 3951 927 4001 manesque
937 3932 1092 4001 profundi.»
1104 3933 1182 3984 Mus.

162 4033 231 4069 meae
243 4015 441 4082 tranquillitatis,
447 4024 594 4084 natumque
600 4031 667 4069 mee
750 4033 803 4066 ιιι,
819 4015 993 4067 Cc'tcumsouor
1004 4017 1087 4066 amri.
1104 4013 1220 4063 circum-

164 4092 322 4161 tenerioris,
336 4102 364 4147 et
374 4089 434 4144 vite
444 4090 555 4146 molliter
564 4100 636 4148 κίε.
715 4109 789 4144 som
799 4090 926 4146 meliores.
939 4091 976 4143 u.
