2716 5214
317 484 328 513 ,⁴
842 492 850 505 σ

740 530 747 545 ι

144 813 206 899 104
414 815 452 880 Ρ.
484 812 915 883 ov1n11unson1s

187 954 293 1027 Docta
310 952 471 1028 sacerdoti
490 954 586 1027 turba
603 952 723 1028 tulistis
741 961 864 1056 opem?

143 1069 211 1142 Nec
226 1067 326 1156 mihi,
344 1068 434 1169 quod
451 1067 516 1143 lusi
531 1098 609 1143 vero
624 1070 695 1142 sine
710 1070 862 1157 crimine,
877 1069 1031 1172 prodest,

189 1183 356 1284 Quodque
373 1184 477 1279 magis
492 1185 558 1257 rita
576 1186 673 1258 Musa
687 1185 798 1284 jocosa
812 1211 884 1259 mea
898 1202 964 1272 est;

142 1294 288 1372 Plurima
306 1297 362 1372 sed
377 1297 493 1399 pelago
512 1314 659 1399 terraque
674 1297 818 1399 pericula
832 1327 966 1399 passum

192 1417 297 1488 Ustus
314 1414 354 1487 ab
372 1412 509 1488 adsiduo
525 1413 646 1509 frigore
663 1416 789 1490 Pontus
803 1415 910 1491 habet

146 1528 280 1630 Quique
295 1528 394 1624 sugas
409 1558 536 1616 rerum,
550 1556 726 1630 securaque
742 1532 776 1603 in
793 1531 859 1605 otia
875 1549 989 1619 natus,

190 1646 307 1722 Mollis
323 1664 355 1721 et
371 1646 543 1747 impatiens
562 1664 635 1721 ante
651 1646 775 1721 laboris
791 1677 895 1734 eram;

146 1759 270 1836 Ultima
284 1791 372 1837 nunc
388 1763 514 1863 pati0r3
531 1790 591 1837 nec
606 1792 657 1836 me
675 1790 762 1841 mare
777 1763 941 1864 portubus
962 1758 1082 1835 orbum

194 1878 354 1964 Perdere,
376 1877 507 1950 diversae
525 1903 584 1948 nec
601 1895 739 1976 potuere
753 1879 835 1957 rie:

148 1991 350 2090 suffecitque
366 1990 459 2065 malis
477 1993 622 2078 animus,
637 2019 712 2064 nam
727 2020 848 2091 corpus
863 1993 904 2064 ab
923 1991 979 2063 illo

196 2107 335 2205 Accepit
351 2107 454 2194 vires,
471 2107 589 2206 vixque
608 2105 741 2181 serenda
758 2105 845 2179 tulit.

150 2222 238 2294 Dum
257 2239 363 2293 tamen
381 2240 414 2294 et
430 2223 533 2295 ventis
550 2221 670 2296 dubius
684 2222 829 2320 jactabar
847 2236 879 2296 et
896 2221 1012 2312 undis,

198 2333 346 2408 Fallebat
363 2364 456 2410 curas
472 2365 621 2438 egraque
637 2337 735 2411 corda
752 2338 858 2412 labor.

152 2453 201 2523 Ut
217 2450 267 2523 ria
284 2449 376 2523 finita
394 2468 459 2540 est,
478 2469 511 2525 et
527 2481 612 2553 opus
627 2453 788 2554 requievit
804 2453 928 2544 eundi,

198 2568 244 2639 Et
260 2593 364 2667 poene
380 2566 477 2642 tellus
492 2587 541 2643 est
556 2568 638 2642 mihi
654 2586 738 2642 tacta
751 2596 845 2655 meae;

150 2681 205 2756 Nil
220 2681 284 2756 nisi
299 2681 375 2756 llere
391 2679 488 2768 libet,
505 2712 565 2756 nec
581 2700 697 2755 nostro
716 2683 843 2784 parcior
859 2682 965 2754 imber

201 2797 356 2884 Lumine,
374 2795 525 2871 decerna
542 2825 639 2897 quam
656 2796 729 2869 nive
746 2813 854 2868 manat
871 2821 964 2894 aqua.
1176 2826 1209 2860 20

82 2975 84 2981 .
158 2916 262 2987 Roma
277 2913 460 3012 domusque
474 2913 583 3000 subit,
598 2911 857 3011 desideriumque
874 2911 1036 2994 locorum,

204 3026 375 3124 Quidquid
396 3043 429 3098 et
445 3027 559 3098 amissa
574 3043 675 3100 restat
692 3026 727 3099 in
743 3025 825 3099 urbe
842 3023 904 3097 mei
911 3080 918 3094 .

158 3143 233 3215 Heu
249 3139 345 3226 mihi,
365 3139 454 3238 quod
471 3139 576 3210 nostri
593 3140 690 3213 toties
707 3138 834 3239 pulsata
850 3135 992 3237 sepulcri

209 3258 332 3340 lanua,
349 3254 404 3327 sed
420 3252 513 3326 nullo
531 3271 677 3354 tempore
694 3271 804 3356 aperta
816 3253 900 3327 suit!

161 3375 229 3446 Cur
244 3400 305 3467 ego
325 3388 376 3444 tot
392 3368 518 3464 gladios
535 3368 623 3465 lugi,
643 3371 804 3471 totiesque
821 3369 959 3453 minate,
1181 3388 1212 3439 25

194 3532 216 3594 4.
229 3527 362 3580 Sacerdoti.
375 3524 472 3580 Oridro
488 3544 495 3577 t
512 3536 573 3579 sunt
591 3522 662 3578 enini
745 3529 782 3580 15.
801 3529 887 3579 Ventis
900 3527 989 3578 dubius
992 3525 1117 3593 jactabar
1128 3533 1155 3577 et
1166 3543 1214 3578 un-

161 3616 244 3674 poetae
257 3603 382 3673 Apollinis
393 3613 420 3657 et
429 3603 565 3655 Musarum
578 3620 661 3656 sacer-
711 3606 758 3655 dr's.
776 3605 856 3657 Terris
867 3606 955 3655 dubius
969 3613 1069 3656 veteres
1082 3602 1213 3672 pleriquet

163 3682 252 3742 dotes;
272 3682 405 3747 Tibullus,
419 3681 460 3734 lib.
476 3681 503 3735 ll
513 3721 520 3747 ,
529 3680 572 3733 El.
584 3698 614 3748 v,
628 3699 663 3735 vs.
712 3683 794 3737 siclib.
804 3684 854 3749 lV,
863 3682 934 3752 Eleg.
944 3698 1014 3748 vm,
1032 3684 1060 3734 15
1070 3700 1077 3734 ι
1087 3702 1101 3727 s
1111 3682 1172 3736 Non
1180 3681 1215 3735 its

167 3780 176 3811 1
189 3779 196 3810 ε
208 3783 220 3805 «
232 3760 326 3813 Phoebe
338 3799 345 3824 ‚
357 3760 413 3813 lave
425 3799 432 3826 ‚
450 3778 533 3814 novus
545 3755 665 3829 ingredi·
713 3761 761 3814 Dis
769 3759 963 3828 visum,quimc
972 3771 1091 3827 terreque
1098 3759 1216 3825 marique

166 3847 209 3889 tur
221 3846 264 3888 tun
280 3837 374 3904 templa
383 3835 507 3889 sacerdos.
520 3859 533 3882 ι·
714 3837 810 3891 Actum
818 3836 967 3890 Sarmaticis
976 3854 1115 3906 exposuere
1125 3832 1191 3887 locis.
1202 3853 1216 3877 n

197 3913 220 3965 ll.
235 3916 337 3965 Pontus.
354 3913 453 3966 Pontus
470 3912 604 3981 Euxinus,
624 3910 665 3967 cui
751 3916 786 3966 18.
800 3917 837 3969 E!
848 3917 922 3967 tellus
933 3933 992 3967 mee
998 3931 1084 3981 pere.
1099 3910 1135 3963 Et
1146 3917 1211 3962 terre

166 3990 266 4060 adjacet
278 3989 417 4042 Tomitana
427 4007 480 4041 ora.
492 3989 568 4042 Mus
714 3993 766 4046 mei
776 3992 867 4046 exsilii:
879 3990 996 4062 designat
1007 3998 1093 4041 antem
1102 3984 1212 4038 Tomos.

196 4089 220 4142 9.
235 4065 415 4136 Qm'quesupax
421 4065 667 4134 rerquuilorum
750 4090 786 4142 ¹9·
798 4072 846 4125 Nil
854 4073 970 4138 nr'sislere
980 4069 1045 4121 utet.
1059 4063 1213 4118 114ιαὶΗεῖ-

166 4159 191 4202 et
203 4149 259 4202 lites
268 4147 388 4200 vitabam.
401 4146 431 4199 Ρ.
556 4156 559 4165 ’
715 4149 826 4211 niensis3
842 4148 907 4200 Met.
921 4149 960 4213 X,
970 4145 1015 4211 387
1028 4162 1034 4195 :
1045 4163 1058 4189 s
1073 4152 1130 4195 tum
1140 4140 1213 4195 den'-

202 4246 239 4278 rs.
250 4227 360 4278 Dr'aem
371 4228 425 4276 otu.
438 4222 519 4276 Maris
534 4232 560 4275 et
576 4232 667 4290 terre,
716 4244 765 4294 que
778 4224 840 4277 llere
853 4223 958 4276 vacavit·
969 4244 982 4268 r
994 4220 1030 4274 H.

166 4307 194 4359 in
211 4303 303 4373 quibus
322 4302 436 4371 utrisque
453 4301 518 4354 dura
531 4319 617 4370 passus
631 4311 669 4356 est
750 4322 788 4355 so.
801 4306 925 4356 Devema
935 4299 1216 4371 aquu.1)enive,qroe

166 4384 230 4438 citra
242 4393 363 4435 mortem.
716 4379 832 4448 liquescit
844 4399 920 4447 vere,
934 4388 960 4432 et
971 4376 1001 4430 sn
1011 4396 1084 4446 aqua.

202 4462 238 4515 13.
247 4461 484 4529 suffecitquemalrls.
490 4459 550 4512 Hoc
558 4468 605 4529 est,
613 4476 666 4513 non
749 4459 789 4511 23.
800 4459 887 4511 Jaaua
902 4461 983 4512 nostri
992 4461 1105 4526 sepulcri.
1123 4451 1218 4524 Stsp'lss

168 4543 278 4599 inferior
286 4540 358 4596 malis
366 4538 505 4596 tolerandis
516 4539 575 4595 suu.
717 4555 745 4592 se
756 4544 869 4591 mortem
881 4536 988 4594 evasisse
998 4533 1066 4591 dicit.
