2722 4702
213 339 278 423 240
481 343 521 406 r.
553 341 736 412 ov1n11
762 345 998 420 nnsonrs

257 480 357 552 Fama
372 479 472 553 refert
486 480 588 579 Anyti
606 480 699 580 quale
715 483 816 560 fuisse
831 517 909 575 reo;

209 598 324 669 Fracta
341 597 433 670 cadet
450 613 546 670 tautae
563 599 719 698 sapientia
737 603 824 676 mule
841 606 965 679 ruinae:

258 710 340 784 Plus
357 709 442 784 valet
459 710 611 784 humanis
628 711 753 787 viribus
771 715 819 790 ira
835 718 907 792 llei.

211 823 269 900 llle
287 854 383 900 senex
401 824 510 898 dietus
526 824 655 925 sapiens
673 827 715 900 ab
732 831 905 931 Apolline,
922 834 1051 911 nullum

257 941 407 1015 Scribere
423 940 457 1011 in
474 942 539 1013 hue
556 967 633 1012 casu
648 943 858 1018 sustinuisset
877 974 970 1045 opus.

210 1061 258 1132 Ut
273 1054 386 1159 patriae
402 1056 552 1140 veniant,
569 1056 700 1130 veniant
716 1056 837 1131 oblivis
855 1060 972 1147 vestri;
1017 1087 1021 1095 ·

259 1170 378 1245 Omnis
396 1186 433 1242 ut
448 1168 581 1251 admissi
594 1194 710 1243 sensus
727 1171 841 1245 abesse
858 1176 973 1273 queal;

209 1287 256 1359 At
270 1286 371 1359 timor
388 1283 497 1358 officio
513 1282 607 1379 fungi
625 1302 712 1359 vetat
728 1286 799 1386 ipse
816 1288 948 1387 quieto:

258 1404 396 1476 Cinctus
411 1401 452 1474 nb
471 1402 643 1474 innumero
662 1430 712 1474 me
730 1420 819 1477 tenet
836 1405 931 1479 hoste
949 1403 1051 1479 loeus.
1234 1449 1270 1485 20

208 1518 321 1605 Adde,
340 1517 430 1617 quod
449 1516 617 1610 ingenium
634 1515 733 1611 longa
751 1518 902 1614 rubigine
922 1519 1035 1596 laesum

255 1636 399 1732 Torpet,
419 1649 451 1704 et
467 1649 516 1704 est
532 1628 654 1718 multo,
673 1659 770 1730 quam
788 1632 851 1706 fuit
865 1652 958 1723 ante,
977 1635 1094 1711 minus.

206 1745 353 1833 Fertilis,
371 1745 509 1818 adsiduo
526 1745 555 1817 si
571 1773 639 1817 uon
655 1763 830 1819 renovetur
844 1766 968 1836 aratro,

256 1860 330 1947 Nil,
347 1857 411 1932 nisi
428 1875 502 1931 cum
518 1857 622 1960 spinis
638 1887 786 1954 gramen,
804 1862 943 1936 habebit
958 1891 1054 1959 ager:

202 1978 368 2075 'Tempore
385 1973 442 2074 qui
460 1973 561 2069 longo
578 1975 722 2063 steterit,
738 1974 822 2050 male
840 1994 963 2066 curret,
979 1995 1013 2052 et
1029 1978 1117 2052 iuter
1231 2006 1265 2058 25

242 2163 279 2195 ια,
288 2143 368 2194 Fama
378 2139 709 2213 rescrldnylr'qttalesuisse
757 2147 829 2213 lpide·
841 2139 923 2206 leores
932 2155 972 2200 sel
980 2148 1074 2207 Miletos
1084 2148 1212 2205 ἆεατιῖνιι
1221 2160 1264 2220 μὴ

205 2227 249 2274 m'.
262 2219 315 2273 Pro
330 2220 443 2290 genitivo
455 2227 507 2286 rei,
519 2221 608 2273 malim
621 2240 661 2274 reo
674 2222 709 2274 le·
759 2227 974 2293 muneralium
983 2229 1047 2277 σ’ἰοῦ.
1056 2224 1265 2294 EpictetdeSo·

206 2314 283 2365 gere,
296 2295 383 2348 dativo
394 2313 454 2348 casu
464 2314 471 2358 ;
483 2305 512 2347 ut
523 2296 555 2348 sit
565 2296 709 2352 sententie:
756 2313 839 2368 erate,
851 2319 906 2370 cap.
924 2301 1006 2354 ultim.

208 2375 294 2443 Quale
309 2385 398 2442 pectus
410 2391 457 2425 reo
474 2374 571 2445 Anyti,
590 2375 640 2427 hoc
651 2385 706 2440 est,
791 2380 827 2443 14.
837 2380 901 2430 Plus
914 2380 1265 2454 valcrtumamwersuspr

205 2451 306 2506 Socrati
318 2450 396 2503 fuisse
413 2450 583 2504 famarefert
604 2453 707 2504 Namet
755 2471 815 2505 rum
823 2452 965 2521 adpositus,
979 2474 1008 2508 ac
1020 2455 1131 2525 proinde
1150 2478 1263 2530 impee-

204 2534 340 2600 eipfedrle'oer
352 2526 428 2581 lectio
440 2526 494 2580 buc
506 2528 577 2581 tollet
586 2566 593 2594 ,
603 2540 630 2582 el
641 2549 707 2581 ver·
755 2537 803 2581 lus.
818 2528 918 2581 l‘lsslns.

201 2609 241 2662 rui
254 2625 356 2676 quoque
372 2603 460 2675 gratie
472 2602 632 2673 aliquantum
641 2626 706 2660 con·
789 2608 825 2658 18.
841 2606 929 2658 Omnis
939 2617 1068 2665 etamissi
1075 2632 1163 2667 seusus
1170 2618 1262 2672 abesse
1360 2637 1361 2640 ’

203 2686 315 2748 citiabit;
329 2684 407 2736 vitata
417 2679 585 2735 similitudine
597 2701 668 2735 casus
676 2684 705 2736 in
751 2690 833 2751 qual.
842 2681 910 2751 Lege
920 2722 929 2750 ‚
939 2685 1027 2739 Ouum&
1039 2699 1067 2740 ut
1073 2693 1181 2743 admissi
1187 2709 1255 2744 sen·
1291 2704 1329 2767 ,f

202 2777 313 2833 utreque
325 2779 429 2816 caure.
441 2759 510 2813 Mic.
521 2788 555 2800 -
564 2761 704 2832 Anyte'mo.
751 2778 802 2824 sus,
810 2779 870 2814 eum
879 2762 1009 2818 nonnullis
1018 2789 1024 2831 ;
1034 2769 1260 2840 etsupcriociver—

203 2840 322 2909 Socrati,
344 2858 424 2908 quem
444 2840 547 2910 Anytus
571 2839 703 2893 acrmavie
751 2854 782 2890 so
792 2841 886 2891 ostem
896 2846 974 2895 sesni
983 2862 1031 2911 pro
1041 2852 1127 2901 nostri.
1135 2844 1176 2901 Ne
1190 2848 1259 2918 quid

202 2920 269 2973 Tres
282 2918 354 2972 euim
364 2916 437 2970 suere
446 2915 559 2969 Socratis
572 2925 705 2969 accusato-
751 2916 1260 2988 timendissimulem,distichuuhocvix

200 3019 241 3054 res
248 2998 369 3064 Melitus,
380 2997 497 3066 Anytus,
509 3005 536 3046 et
542 2993 639 3066 Lycen.
648 2995 704 3046 Me·
751 2994 897 3062 genuinum
911 2998 974 3051 mihi
986 3000 1098 3057 videtur.
1110 3004 1164 3058 mei
1177 3006 1255 3072 tollis,

198 3078 258 3131 litos
270 3076 377 3146 quidem
393 3073 426 3126 ob
441 3082 529 3143 poetas
540 3074 565 3126 ei
576 3073 684 3128 insertos
697 3093 703 3126 :
750 3075 832 3128 scribe
841 3087 959 3148 oetetpro
969 3090 1121 3138 oetatversu
1128 3086 1257 3154 proximo.

202 3159 306 3230 Anytus
317 3155 350 3208 ob
363 3153 489 3220 artifices,
498 3164 575 3222 atque
585 3154 704 3224 reipubli·
788 3172 825 3226 ις).
846 3158 941 3222 Quaero.
963 3161 1076 3224 Qur'etrem
1091 3181 1184 3218 ornnes
1196 3165 1256 3220 lere

202 3254 238 3289 ω
256 3235 460 3305 gubernatum
482 3231 570 3304 Lyeon
589 3231 702 3300 denique
750 3227 827 3284 libri:
845 3234 991 3301 semsunge'
1006 3246 1091 3290 extat:
1107 3259 1164 3291 esse
1175 3248 1255 3309 quie-

199 3310 280 3380 gratia
298 3309 442 3362 rhetorum.
459 3307 595 3362 Accusatio
614 3318 701 3361 sutem
748 3321 799 3362 tum
813 3312 914 3364 Cr'ucm
927 3323 976 3366 etc.
987 3315 1063 3383 prim.
1073 3315 1134 3369 edit.
1149 3330 1176 3369 et
1189 3321 1256 3386 qui-

111 3391 115 3400 '
198 3387 289 3440 babuit
306 3408 332 3439 se
349 3386 476 3439 lermein
494 3387 698 3440 huncmodom:
750 3385 810 3440 dem
823 3388 922 3456 scripti:
941 3400 981 3454 et,
998 3395 1153 3452 wratboste,
1178 3393 1252 3447 duo:

198 3463 317 3516 Socrates
335 3464 432 3530 injuste
446 3462 514 3529 egit,
532 3463 700 3529 juventutem
750 3463 836 3531 forte,
848 3485 862 3510 e
880 3464 916 3516 Ar
927 3464 1007 3517 timor
1018 3466 1103 3518 officio
1112 3466 1187 3534 fungi
1201 3487 1251 3521 ve-

198 3542 341 3610 depravrnr
350 3580 357 3607 ‚
367 3560 396 3594 ac
405 3539 476 3590 Deos
484 3556 548 3606 quos
559 3540 647 3593 civitas
653 3558 700 3607 pu·
748 3549 801 3590 tet:
814 3558 867 3593 esse
880 3539 995 3608 quietum
1007 3541 1114 3593 cincus
1127 3541 1158 3593 ab
1169 3540 1253 3598 iunu-

199 3633 252 3686 tat,
262 3622 314 3688 ipse
327 3640 381 3673 uon
393 3629 487 3688 puteus
497 3657 504 3684 ‚
516 3618 561 3671 sed
574 3620 621 3672 alis
631 3639 700 3688 quae-
747 3636 821 3671 mero
833 3637 876 3672 me
884 3628 953 3671 vetet
959 3618 1031 3671 hoste
1043 3616 1113 3672 locus
1122 3641 1129 3683 ;
1139 3643 1152 3666 u
1165 3632 1196 3676 ut
1209 3623 1252 3680 bi,

197 3700 259 3755 dam
278 3719 344 3751 nora
366 3697 502 3752 demonia.
524 3697 599 3750 Plato
623 3699 699 3752 docet
745 3697 1250 3770 repetatidemverbum,sicutsaepeso-

197 3797 259 3834 eum
279 3787 349 3829 teuta
364 3775 442 3827 luisse
457 3774 580 3841 sapientia
602 3786 630 3829 et
646 3775 699 3829 lor
745 3774 896 3829 bellunm.

198 3856 325 3922 titudine,
338 3865 368 3907 ut
380 3852 545 3921 uolueritpro
555 3872 581 3905 se
592 3864 698 3906 autcsu-
778 3859 1247 3927 21.Iaqeaee‘mlongarube'gae'nelaesun.

196 3958 252 3994 sam
259 3936 345 3989 dicere
355 3973 362 3999 ,
371 3944 414 3985 aut
426 3950 583 4001 quemquam
592 3933 697 3999 precari.
745 3930 795 3984 Vel
804 3939 929 4001 ‚plenem
944 3934 1245 4003 Arondebanusl'orte,

197 4002 696 4085 Mnu.·-A’ll',d1(pe'rov‚xoelcleptem,
743 4030 831 4064 rosum.
839 4014 875 4065 Η.
884 4041 917 4053 -
928 4016 1017 4082 lom
1028 4019 1143 4084 retegere.
1155 4016 1244 4082 [ουρ

197 4101 217 4149 si
226 4100 293 4165 :adep
307 4103 352 4150 retr
363 4099 425 4148 θυῖε
436 4095 506 4157 felis,
514 4091 584 4158 ταύτῃ
594 4091 696 4156 γινέσθω·
743 4091 920 4156 componendi
932 4092 1110 4148 desuetudine.
1118 4093 1193 4146 Mn.
