2722 4702
248 333 314 399 258
526 330 565 395 P.
598 328 782 398 OVIDll
808 328 1039 399 NASONIS

297 468 379 543 Plus
395 467 479 556 isto,
495 466 590 554 duri,
608 466 636 541 si
652 495 781 568 precer,
799 469 867 543 oris
884 496 952 544 ero.
1286 504 1321 556 ⁸0

248 641 335 695 locum
346 639 427 710 magis
436 637 571 708 quietum,
582 648 608 692 et
618 647 753 692 remotum
801 642 886 701 hoste,
907 639 1028 697 Politian.
1040 643 1161 716 Scythica
1175 649 1210 700 ab
1220 658 1313 714 meo,

249 719 341 772 abbae
349 718 506 790 Scytharum
517 717 755 787 asperitate-Al
802 720 922 774 Vatican.

248 818 310 851 arcu
321 800 443 868 Scythico.
459 797 501 850 Ab
517 796 596 850 armis
606 795 753 862 Getarum,
835 800 874 852 8ο.
888 800 920 854 Si
929 819 1024 867 precor.
1033 801 1062 855 ot
1064 820 1167 870 precer,
1184 804 1316 861 meliores.

248 876 293 945 qui
312 874 476 945 peculiariter
493 893 554 928 areu
572 882 691 926 utuntur.
711 875 755 927 At
803 873 1285 937 lL-Duriorr‘s.1nverecundioris.

249 1041 1310 1077 Μ

576 1178 882 1265 nrusrorn
901 1129 977 1265 ⁶11.

653 1513 902 1587 MAXIMO.

596 1830 954 1892 ARGUMENTUM.

195 1972 199 1977 Ι
245 1990 277 2044 ln
290 1988 339 2041 hac
350 1983 457 2056 epistola
468 1984 555 2053 primo
569 1994 654 2054 oaptot
669 1982 880 2040 benevolentium
897 2003 913 2038 a
929 1983 1003 2040 Fabii
1018 2003 1147 2055 persona,
1163 2004 1228 2041 eum
1245 1985 1307 2039 lm-

270 2069 373 2129 ·tsndo.
393 2066 499 2121 Deinde
522 2068 596 2120 illurn
615 2077 745 2122 attentum
767 2066 874 2135 reddit,
897 2087 979 2138 quum
1002 2066 1080 2122 docet
1099 2088 1147 2137 eo,
1165 2068 1309 2141 dequibus

269 2132 395 2213 ‘siiturus
407 2155 440 2209 sit
452 2172 459 2206 z
470 2153 520 2207 hoc
531 2164 584 2220 est,
598 2152 662 2206 velle
676 2153 780 2223 propria
791 2153 858 2207 malo
867 2154 1035 2222 ingemiscere
1047 2164 1074 2208 et
1087 2174 1236 2225 exponere,
1249 2162 1309 2226 qun

280 2236 431 2295 multasse
450 2245 556 2301 narrat,
571 2234 687 2288 hostium
706 2234 802 2288 scilicet
818 2235 980 2306 periculum,
999 2236 1093 2290 taciem
1109 2237 1158 2291 lori
1169 2277 1177 2304 ,
1190 2237 1311 2293 dolorem

277 2323 355 2378 erbis
363 2320 441 2389 rius
452 2321 612 2386 maximum,
625 2319 691 2373 adeo
698 2320 821 2388 utcupiat
829 2321 925 2374 mutari
938 2321 965 2374 in
975 2321 1087 2390 aliquam
1099 2322 1178 2376 aliam
1184 2322 1310 2378 formum.

276 2406 411 2477 Colligitp
432 2404 437 2417 '
537 2440 545 2468 ,
563 2421 591 2456 se
604 2401 751 2456 clementie
771 2402 880 2457 (luseris
901 2404 1053 2472 conludere,
1072 2415 1103 2458 ut
1120 2406 1203 2463 exsilii
1219 2404 1308 2466 locum

272 2500 374 2543 mutare
386 2486 481 2541 liceat}
562 2503 613 2555 que
626 2504 641 2537 a
654 2485 790 2554 Maximo,
809 2496 839 2540 ut
850 2485 876 2538 irl
887 2486 992 2555 solum,
1006 2509 1055 2543 nec
1069 2488 1139 2544 eliud
1152 2502 1247 2549 tentet.

242 2641 402 2744 Mtxltt
411 2685 450 2754 Ε,
470 2666 528 2766 qui
545 2665 632 2749 tanti
644 2690 829 2742 mensurum
842 2666 991 2742 nominis
1006 2667 1237 2773 imples,
1292 2702 1299 2715 ’
1331 2678 1345 2709 ·’

291 2787 336 2858 Et
351 2781 496 2879 geminas
512 2781 610 2854 animi
626 2779 800 2857 nobilitate
817 2810 941 2882 genus3

240 2903 311 3002 Qui
326 2899 417 2975 nasci
433 2917 471 2972 ut
483 2925 614 2999 posses,
632 2900 779 2997 quamvis
797 2900 940 2978 cecidere
958 2909 1115 2993 trecenti,

274 3097 294 3130 ι.
305 3077 424 3128 Maxime.
436 3070 531 3123 Fabius
542 3069 584 3124 hic
597 3070 743 3136 Maximus,
792 3073 899 3143 ‹lorpius
909 3079 1043 3132 consulem
1056 3079 1127 3134 hunc
1139 3081 1252 3136 Fabium
1263 3081 1300 3136 ls-

239 3173 321 3224 quum
341 3152 433 3206 intima
450 3147 625 3204 familiaritate
648 3147 745 3202 (letari
792 3152 921 3207 citamU.
932 3153 963 3207 C.
976 3159 1300 3228 nccxcnr,utetl1ipei·

240 3234 358 3300 Augusto
369 3229 448 3282 luerit
457 3227 627 3294 conjunctus,
643 3245 697 3280 non
707 3227 746 3277 in·
791 3227 1299 3306 lecitzsedhuncluissehujusFabiipa·

237 3308 343 3361 venitur
351 3315 455 3368 tamen,
466 3302 538 3371 quod
548 3305 664 3369 mireris,
675 3301 742 3371 apud
791 3317 861 3360 trem
869 3307 1100 3364 dooetMasson.in
1106 3312 1158 3364 rita
1166 3311 1300 3367 Ovidii.-

238 3383 374 3451 scriptores
392 3379 449 3432 ullis
467 3382 572 3434 functus
593 3380 742 3433 honoribus.
794 3387 1300 3453 (iur'trraete'meusurausnonriu'sebplu.

238 3458 281 3513 nd
290 3459 486 3510 huncnostrum
497 3456 592 3524 opinor
602 3455 742 3509 referenda
793 3461 849 3528 Qui
855 3460 968 3514 nominis
975 3460 1183 3531 magnitudinem
1192 3479 1299 3534 equas,

236 3558 292 3593 esse
302 3537 344 3590 illa
357 3536 516 3607 Quintiliani
526 3536 585 3589 inst.
600 3535 677 3590 Orat.
684 3536 741 3603 Vl,
791 3537 1298 3610 acsupemsniminobilitaretur-men·

236 3616 253 3666 3
262 3635 268 3668 ι
279 3636 292 3658 α
303 3615 335 3668 ln
346 3613 499 3682 metalepsin
509 3629 613 3680 quoque
623 3613 692 3667 cadit
702 3633 743 3668 ra-
789 3637 878 3671 surum
885 3628 972 3672 sutem
979 3615 1044 3670 tanti
1050 3615 1177 3684 nominis,
1185 3604 1299 3675 lanii

235 3693 273 3746 tio
287 3692 417 3748 dictorum
429 3714 436 3755 ς
456 3701 487 3744 ut
503 3688 597 3743 Febius
610 3690 741 3745 Maximus
789 3697 988 3767 adpellationem
1001 3693 1124 3764 intellige.

233 3771 354 3825 incusans
361 3765 741 3838 Augmticongimiorumque
822 3797 845 3828 ι.
862 3778 955 3829 Genus.
969 3774 1149 3829 Maximorum
1160 3777 1291 3833 innisum

235 3850 324 3906 amicis
337 3849 480 3910 dabuntur,
493 3845 672 3911 exiguitatem,
686 3847 740 3902 lte-
821 3852 845 3905 3.
871 3856 988 3919 Qumis
1014 3857 1125 3907 cecidere
1148 3866 1197 3911 etc.
1221 3855 1292 3910 Bello

234 3928 345 3983 minaria
353 3945 406 3978 osse
415 3923 485 3976 dixit
497 3923 560 3977 »De
568 3936 653 3980 morte
661 3925 739 3994 hujus
788 3930 915 3997 Etrusco,
940 3931 1012 4000 quotl
1027 3943 1129 4003 gestum
1146 3946 1185 3988 est
1202 3944 1293 3986 eontra

235 4005 307 4060 Fabii
316 4012 406 4056 noster
413 4000 460 4054 ini.
468 4000 574 4063 tib.1V;
588 4015 614 4055 et
623 4003 737 4070 Plinius,
786 4007 934 4075 Veientes,
952 4028 1033 4079 quum
1049 4011 1078 4064 in
1094 4012 1147 4066 seie
1159 4007 1292 4063 cecidisset

232 4082 275 4137 lib.
289 4083 358 4148 Vll,
371 4098 427 4148 erp.
439 4081 479 4145 45.
491 4080 643 4150 lle-Atqui
653 4079 737 4150 (ilan-
788 4082 825 4149 Q.
836 4086 947 4152 Folius,
962 4088 1021 4143 ride
1033 4087 1161 4149 Fur-n,
1179 4083 1248 4138 libro
1260 4087 1280 4152 l,
