2722 4702
190 349 257 436 434
459 351 498 414 r.
531 345 718 415 ov1n11
744 343 980 414 ursolus
1086 301 1091 314 ’

189 546 311 558 ι--υ--ῡ

516 677 823 767 EPISTOLA
848 679 928 764 Vl.

614 998 823 1073 BRUTO.

539 1287 897 1352 ARGUMENTUM.

187 1444 260 1500 Fabii
273 1442 382 1498 Maximi
399 1440 574 1511 deprecatoris
588 1440 643 1508 sui,
654 1441 785 1512 ipsiusque
803 1440 915 1511 Augusti
934 1451 1021 1507 morte
1034 1462 1108 1513 spem
1123 1420 1253 1500 redeunili

219 1545 295 1580 snam
306 1524 465 1602 eoncidisse,
481 1534 604 1594 questus,
618 1523 694 1577 Bruti
711 1523 777 1577 mite
794 1523 934 1594 ingenium
948 1534 979 1580 et
997 1521 1153 1596 supplidbns
1175 1527 1252 1585 ladio

219 1607 308 1661 laudat
319 1646 327 1673 ,
341 1617 493 1676 gratamque
501 1616 622 1660 mentem
632 1606 656 1659 ei
664 1605 784 1674 spondet

188 1736 324 1860 Qum
344 1759 445 1855 legis,
463 1789 504 1835 ει
520 1759 586 1835 ua
605 1761 669 1835 aar
682 1760 775 1835 venit
789 1761 962 1862 masaa,
979 1767 1098 1856 ama,

232 1881 400 1952 Nasonem
414 1877 522 1953 nolles
538 1879 574 1952 in
590 1878 714 1979 quibus
730 1906 821 1969 esse,
838 1877 932 1956 locis.

67 2068 80 2091 δ
183 1992 269 2079 sed,
287 2011 324 2067 tu
343 1993 434 2093 quod
448 1991 576 2082 nolles,
592 1992 701 2068 voluit
715 1993 900 2070 miserabile
912 1995 1041 2072 latum:

233 2108 307 2181 Heu
323 2107 422 2195 mihi,
439 2105 517 2208 plns
534 2106 638 2197 illud,
657 2135 757 2208 quam
771 2126 828 2184 tua
842 2127 933 2198 vota,
951 2110 1057 2186 valet!

182 2225 223 2297 ln
240 2223 375 2324 Scythia
394 2224 494 2299 nobis
510 2222 735 2325 quinquennis
753 2223 928 2324 Olympias
944 2242 1016 2301 acta
1035 2245 1108 2302 est:
1231 2247 1246 2301 ⁵

231 2339 306 2408 Jam
326 2353 456 2436 tempus
473 2334 570 2409 lustri
586 2337 706 2412 transit
720 2335 756 2409 in
770 2334 915 2410 alterins.

182 2451 313 2524 Perstat
330 2449 416 2521 enim
434 2448 569 2522 fortuna
586 2466 699 2540 tenax,
716 2451 869 2551 votisque
886 2450 1070 2550 malignum
1087 2525 1091 2532 .

232 2567 385 2666 Opponit
400 2566 524 2640 nostris
541 2565 700 2640 insidiosa
713 2566 839 2668 pedem.

184 2687 303 2760 Certus
320 2708 390 2754 eras
407 2710 469 2783 pro
486 2709 554 2767 me,
570 2681 679 2755 Fabia
693 2681 781 2771 laus,
799 2685 959 2776 Maxime,
979 2684 1099 2786 gentis,

230 2801 359 2872 Numen
379 2795 420 2871 ad
437 2800 627 2891 Augustum
644 2796 794 2898 supplice
812 2828 889 2873 voce
907 2801 1013 2903 loqui.
1215 2840 1245 2875 ιο

183 2914 316 2991 Occidis
333 2931 407 2986 ante
425 2940 558 3016 preces;
575 2941 770 3014 causamque
789 2945 868 3010 ego,
888 2919 1054 3009 Maxime,
1070 2922 1207 3015 mortis,

213 3101 236 3151 5.
247 3099 379 3168 Olympias
390 3097 561 3164 quiaquenm's.
570 3092 687 3162 Tempus
736 3117 798 3151 eum
809 3099 914 3167 periisse
925 3110 999 3170 putat
1011 3115 1096 3170 poeta.
1105 3104 1149 3159 De
1160 3115 1239 3161 morte

179 3178 258 3243 illud,
273 3175 343 3244 quod
359 3173 482 3229 aGroecis
496 3172 633 3246 Olympias
646 3171 687 3227 ad·
736 3175 845 3229 Maximi
856 3177 978 3230 meminit
991 3179 1113 3247 Tacitus,
1128 3183 1239 3249 Anni,

179 3259 307 3327 pellatur,
324 3251 527 3325 quinquennale,
734 3253 775 3308 his
788 3255 890 3309 verbis:
904 3277 917 3300 κ
931 3253 1039 3326 Quippe
1054 3278 1146 3314 rumor
1160 3263 1241 3318 ince-

212 3330 688 3404 li.Jamtransr't.JamOlympiasalte·
733 3343 817 3399 serat,
833 3343 998 3402 paucosante
1014 3329 1135 3403 menses,
1151 3339 1243 3410 Augu·

180 3416 377 3486 raineipit.-1u
388 3425 484 3481 tempus
494 3415 685 3465 alteriaslusm'.
733 3422 803 3466 stum
816 3412 903 3469 electis
914 3413 1037 3484 consciis,
1050 3427 1076 3470 et
1083 3418 1177 3470 comite
1185 3437 1241 3472 uno

180 3491 213 3545 lu
223 3503 326 3562 tempus
336 3491 443 3544 alterius
454 3487 637 3559 quinquennii.
735 3487 817 3542 Fabio
824 3486 954 3554 Maximo,
966 3489 1109 3545 Planasiam
1118 3499 1239 3560 vectum,

212 3584 236 3636 q
252 3571 322 3620 laus
338 3570 449 3618 maxima
464 3570 555 3633 [τινὰ.
573 3566 687 3619 Maxime
735 3567 766 3619 ad
779 3566 914 3619 visendum
927 3565 1082 3639 Agrippam:
1093 3564 1193 3622 multas
1207 3569 1240 3623 it-

181 3654 282 3698 veteres
294 3645 417 3713 plerique.
433 3645 533 3696 Hmts.
733 3643 785 3698 linc
803 3645 932 3715 utrimque
954 3644 1097 3714 lacrymat,
1118 3653 1147 3696 at
1164 3647 1238 3718 siqua

216 3740 253 3773 ιι.
271 3722 374 3772 Occidis
385 3732 445 3776 aare
455 3738 551 3790 preces.
568 3719 684 3791 Muneris
732 3721 865 3788 caritatis,
880 3739 1002 3791 spemque
1019 3739 1051 3775 ex
1066 3740 1101 3775 eo
1116 3721 1195 3793 lore,
1209 3735 1236 3781 ut

179 3810 319 3867 antequam
340 3817 387 3864 pro
403 3819 445 3851 me
465 3800 606 3867 precareris
622 3799 683 3851 Au·
732 3799 832 3866 juvenis
853 3797 987 3866 penatibus
1007 3799 1048 3850 avi
1072 3799 1235 3856 redderetur.

179 3877 437 3950 gustum—Causam
447 3890 495 3930 tae
504 3880 683 3933 mortis.Naso·
733 3876 813 3945 Quod
825 3876 970 3930 Maximum
981 3878 1056 3930 uxori
1067 3878 1172 3933 Martie
1181 3898 1234 3948 ape
1246 3869 1252 3876 ¹

178 3977 242 4012 nem
253 3956 324 4011 enim
336 3954 411 4007 unice
426 3958 527 4009 amabat
538 3957 682 4010 Maximus:
730 3957 828 4021 ruisse,
841 3955 911 4008 illam
924 3954 1020 4022 Liviae,
1034 3954 1067 4010 C.
1081 3957 1195 4011 Nanium
1207 3954 1232 4007 id

180 4048 207 4090 et
222 4057 303 4105 quum
316 4054 370 4088 non
382 4044 468 4102 posset
482 4032 550 4086 serre
566 4036 622 4101 ejus
636 4035 681 4088 ab·
732 4032 836 4087 Caesari.
850 4034 941 4103 Neque
951 4034 1033 4089 multo
1045 4047 1103 4105 post
1110 4035 1232 4089 exstincto

178 4114 287 4166 sentiam
308 4124 335 4168 et
353 4111 493 4180 exsilium,
516 4127 571 4180 pre
589 4110 680 4163 dolore
729 4109 868 4179 Maximo,
883 4112 992 4168 dubium
1006 4131 1040 4165 an
1052 4113 1155 4183 quesita
1165 4130 1232 4165 mor
