2722 4702
146 328 213 414 224
415 331 454 394 r.
487 301 917 401 ov1o11nrson'1s

147 472 256 569 Quam
273 468 383 543 multa
401 468 513 564 gracili
531 486 655 543 terrena
673 471 734 544 sub
750 472 868 547 horrea
883 473 967 548 ferre

80 644 86 658 .
192 584 311 658 Limite
329 583 472 656 formica
490 610 588 676 grona
604 601 732 682 reperta
746 582 870 671 solent·,
1172 610 1206 678 4⁰

143 700 227 777 Ta‘m
243 728 294 772 me
310 698 522 771 circumstant
538 697 715 771 densorum
731 701 829 773 turba
843 699 1021 775 malorum:

194 812 298 886 Crede
316 810 415 897 mihi;
432 838 508 884 vero
525 827 576 883 est
592 828 704 884 nostra
721 811 851 911 querela
866 813 984 886 minor.

146 940 210 1012 His
225 936 281 1038 qui
300 950 474 1008 contentus
488 961 557 1005 non
574 950 645 1019 est,
664 934 699 1005 in
717 933 796 1008 litus
813 963 945 1023 arenas,

194 1058 233 1128 ln
249 1071 389 1148 segetem
408 1052 535 1150 spicas,
552 1049 588 1121 in
603 1076 691 1122 mare
706 1050 824 1123 fundat
837 1080 947 1152 aquas.

143 1166 398 1267 Intempestivos
413 1163 516 1258 igitur
533 1190 702 1261 compesce
720 1163 872 1250 timores,
1173 1186 1208 1254 45

195 1283 275 1357 Vela
290 1311 349 1355 nec
366 1281 402 1353 in
418 1278 527 1353 medio
545 1278 655 1351 desere
671 1296 784 1353 nostra
800 1279 892 1352 mori.

146 1447 653 1517 eeumonsiuitSiciiiaescujusagerflo·
735 1453 774 1516 41.
790 1452 853 1502 Tam
866 1469 905 1502 me
917 1454 1067 1502 cerastae.
1088 1449 1207 1502 Circum-

148 1534 219 1586 ribus
232 1528 395 1594 abundabat,
407 1525 451 1578 ubi
462 1527 553 1595 optimi
565 1526 648 1580 mellis
702 1536 774 1580 stae!
790 1527 882 1596 primae
891 1526 1032 1591 editiones,
1047 1535 1073 1578 et
1084 1526 1163 1579 multi
1174 1547 1208 1580 ex

148 1608 229 1676 copia.
702 1604 819 1672 scriptis,
840 1603 909 1673 quod
921 1603 1015 1656 mutari
1026 1621 1079 1655 non
1093 1601 1206 1668 debuit3

180 1688 220 1751 40.
231 1686 352 1736 Grecilr'...
362 1681 654 1750 limirefhmicaegraea
701 1680 778 1748 prim.
791 1678 844 1733 Pat.
858 1691 884 1732 et
902 1679 1190 1733 Aroodebcr‘rrumdau!
1197 1696 1209 1743 ς

147 1773 247 1828 reperta.
256 1763 328 1829 Virg.
339 1759 402 1812 AEn.
417 1760 466 1824 1V,
475 1761 614 1826 totsqqto
629 1757 653 1810 it
702 1762 839 1811 circumdat
848 1760 925 1827 prim.
938 1759 1015 1813 Polit.
1027 1757 1105 1829 prim.
1120 1757 1207 1812 Vatic.

149 1843 254 1910 nigrum
263 1841 359 1907 campis
367 1860 459 1909 agmen
469 1878 476 1905 ,
486 1838 652 1908 praedamque
701 1847 729 1890 et
740 1847 791 1889 tres
804 1836 853 1890 alii.
866 1839 901 1891 H.

149 1938 198 1988 per
207 1917 299 1970 herbas
319 1917 483 1970 Consecrant
495 1917 556 1970 colle
570 1936 654 1986 anger·
735 1917 775 1982 45.
784 1918 916 1984 Compesce
925 1925 1040 1970 tenores.
1053 1919 1165 1970 Tristem
1176 1937 1208 1971 ex

148 2005 201 2060 sto,
220 2014 278 2063 pars
290 1995 398 2067 grandia
416 1995 526 2048 trudunt
542 1992 653 2048 Obnirae
702 1993 809 2063 scriptis.
824 1995 859 2047 Η.

148 2071 284 2125 frumenta
296 2073 424 2140 humeris,
437 2082 486 2126 eto.
497 2095 511 2119 ν
735 2071 775 2137 46.
787 2074 889 2126 Desste.
905 2075 1001 2125 Dentre
1011 2073 1123 2127 Putean.

151 2236 1210 2272 W

494 2382 730 2467 ELEGIA
755 2384 862 2466 VII.

473 2747 880 2815 ARGUMENTUM.

150 2914 244 2969 Amico
255 2909 382 2981 querenti
394 2907 456 2979 quid
469 2920 557 2979 ageret
568 2910 595 2963 in
606 2908 729 2981 Scythia,
749 2910 890 2980 respondet
904 2910 1019 2967 breviter
1033 2913 1161 2983 Ovidius,
1178 2936 1207 2973 se

183 2998 309 3051 miserum
322 3014 385 3049 esse.
401 2993 575 3048 Postmodum
591 2994 737 3048 Tomitanse
754 2996 867 3065 regionis
885 2994 1028 3050 incolarum
1049 3018 1134 3053 mores
1154 2999 1207 3055 de-

184 3080 279 3135 scribit
291 3078 396 3134 Deinde
409 3078 487 3145 dicit,
505 3079 595 3133 studiis
607 3079 713 3149 poeticis
723 3080 842 3132 animum
856 3079 983 3149 detineri,
999 3101 1028 3135 ac
1041 3083 1124 3152 pasci,
1143 3093 1207 3138 erse

179 3164 337 3220 carminibus
348 3163 415 3218 mala
432 3182 478 3216 sua
490 3163 610 3217 oblivisci.

154 3316 289 3443 QUAM
306 3343 403 3437 legis,
420 3342 530 3414 exilia
548 3342 610 3415 tibi
627 3343 716 3415 venit
732 3341 869 3443 epistola
886 3361 990 3433 terra,

198 3459 301 3530 Latus
320 3458 380 3530 ubi
396 3460 553 3556 aequoreis
571 3459 703 3532 additur
720 3463 804 3534 lster
818 3458 929 3560 aquis:

153 3567 189 3641 Si
206 3568 268 3641 tibi
284 3567 447 3662 contingit
463 3594 537 3641 cum
554 3569 643 3644 dulci
659 3569 726 3644 vita
741 3572 863 3660 salute,

185 3761 209 3792 2.
226 3743 354 3808 AEquorem
363 3740 482 3808 jungitur
495 3741 560 3791 Ister
573 3747 653 3808 apur's.
701 3741 736 3794 ibi
747 3762 774 3794 se
783 3752 905 3795 exoneret
916 3741 942 3793 in
952 3740 1091 3794 Oceanum
1104 3783 1111 3809 ‚
1124 3748 1150 3799 eb
1159 3747 1205 3798 ad-

153 3817 265 3873 Adde'tur
281 3817 357 3884 prim.
374 3817 430 3869 Pol.
446 3814 521 3884 prim.
534 3817 575 3868 Va
588 3818 652 3872 ican.
700 3824 768 3873 detur
778 3819 1034 3875 admittendumduxi
1044 3843 1050 3882 3
1061 3823 1140 3878 Pont.
1154 3826 1205 3892 ΙΙΙ,

154 3893 230 3966 prim.
243 3892 297 3948 Pab
309 3903 336 3945 et
348 3891 423 3945 multi
435 3893 476 3944 aiii
489 3912 519 3943 ex
531 3828 651 3946 moiiori·
700 3899 772 3970 Eieg.
785 3919 815 3966 v,
828 3922 857 3955 2:
871 3922 883 3946 ι
899 3900 948 3953 His
957 3901 1000 3954 ubi
1009 3904 1127 3959 caeruieis
1137 3906 1203 3974 jon-

152 3976 214 4038 bus;
225 3971 344 4027 nonnulii
355 3991 416 4025 cum
426 3970 515 4040 primis
528 3971 652 4024 editioni·
701 3980 772 4047 gitur
783 3981 851 4034 Ister
859 3980 939 4050 aquis,
953 4005 965 4028 n
977 3982 1012 4035 Η,

153 4053 216 4121 bos,
235 4053 405 4106 [recenditur.
423 4047 476 4104 Sed
491 4066 574 4118 quum
586 4050 652 4106 [ster
698 4075 700 4079 a
731 4057 754 4107 3.
766 4057 900 4127 coornat.
914 4056 1142 4128 Cestrfieen'rmutti.
