2722 4702
189 367 259 451 ,338
476 367 514 431 r.
539 365 717 434 ovrnrr
740 364 973 434 uAsoms

193 504 397 604 Ingenioque
414 531 508 589 meo,
529 532 607 578 rena
627 504 717 604 quod
735 533 877 606 paupere
892 523 1024 603 manat,

240 620 394 707 plaudis,
413 638 446 694 et
461 649 478 694 e
495 621 564 693 rivo
582 619 717 693 {lumina
735 650 850 716 magna
867 621 957 696 facis.

198 735 299 809 Grata
315 732 446 833 quidem
465 751 544 806 sunt
561 733 629 807 haee
645 731 756 807 animo
773 733 929 829 suffragia
944 751 1082 823 nostro,

240 852 303 925 Vix
322 852 389 924 eibi
408 879 510 951 quum
528 851 667 925 miseros
683 879 781 951 posse
797 849 924 952 placere
939 871 1048 954 putes.

192 967 283 1042 Dum
303 985 408 1041 tamen
427 966 461 1038 in
477 966 576 1039 rebus
595 983 759 1042 tentamus
776 967 917 1041 carmina
933 969 1062 1069 parvis,

243 1084 389 1158 Materiae
407 1081 518 1180 gracili
536 1084 658 1158 sufficit
675 1084 869 1181 ingenium:

195 1205 311 1304 Nuper
327 1221 365 1276 ut
383 1202 448 1276 huc
464 1202 573 1297 magni
591 1202 740 1304 pervenit
756 1201 841 1277 sama
860 1199 1043 1302 triumphi,

243 1321 357 1393 Ausus
374 1346 444 1391 sum
465 1335 560 1392 tante
578 1346 705 1393 sumere
721 1316 819 1391 molis
837 1345 932 1418 opus.

196 1433 324 1509 Obruit
339 1432 511 1506 audentem
529 1462 638 1507 rerum
656 1434 863 1532 gravitasque
879 1433 1052 1536 nitorque;

158 1646 161 1654 Ι
243 1553 312 1622 Nec
327 1549 424 1649 potui
441 1548 540 1647 coepti
555 1549 704 1649 pondera
718 1548 803 1622 ferre
822 1549 895 1622 mei.
964 1640 969 1655 ἱ

190 1665 284 1754 Illic,
303 1694 400 1765 quam
418 1662 549 1750 laudes,
568 1663 630 1737 erit
647 1663 795 1738 officiosa
810 1658 986 1742 voluntas}

245 1781 370 1853 Caetera
388 1777 520 1851 materia
541 1776 710 1853 debilitata
726 1780 843 1878 jacent.

85 1904 90 1913 '
194 1892 301 1992 Quod
321 1893 349 1966 si
367 1893 455 1967 forte
471 1894 556 1968 liber
571 1910 695 1979 vestras
710 1896 861 1996 pervenit
875 1896 918 1970 ad
934 1924 1047 1985 aures,

241 2010 393 2086 Tutelam
411 2012 533 2087 mando
550 2013 670 2086 sentiat
684 2011 740 2086 ille
758 2030 856 2098 tuam.

191 2126 268 2203 Eoo
284 2126 346 2200 tibi
363 2127 507 2216 lactum,
525 2126 576 2202 rel
594 2129 622 2202 si
641 2158 709 2204 non
724 2129 796 2230 ipse
812 2156 979 2224 rogarem,

243 2247 389 2324 Accedat
406 2245 557 2320 cumulus
574 2246 678 2342 gratia
693 2263 807 2325 nostra
823 2245 914 2322 levis.

194 2398 294 2448 ductum
318 2409 418 2446 camo
440 2401 531 2444 nostro
550 2391 626 2444 Pont.
646 2392 703 2458 lV,
750 2393 803 2446 acri
811 2393 886 2446 Tibia
896 2411 983 2446 sumes
994 2391 1143 2458 celebrare,
1158 2391 1237 2449 Clio?
1248 2416 1260 2438 ι·

196 2473 268 2540 Eleg.
280 2487 309 2534 1,
323 2489 358 2520 vs.
372 2487 399 2527 ι,
414 2467 563 2536 et'Virgilio
575 2468 704 2522 in‘Bueo·
752 2480 779 2524 et
791 2471 819 2531 l.
835 2468 915 2537 Epist.
930 2485 963 2522 ιιι
977 2509 984 2536 ,
1003 2489 1016 2539 7
1029 2489 1036 2523 ε
1048 2491 1060 2515 α
1078 2469 1148 2539 Quis
1159 2471 1208 2525 sibi
1222 2491 1262 2525 rea

194 2549 265 2614 licie,
279 2546 367 2613 Eclog.
379 2543 418 2597 Vl
429 2582 437 2608 ,
449 2560 486 2595 va·
498 2548 521 2597 5.
534 2545 706 2597 H.-S!r1'ctos
752 2557 835 2618 gestas
851 2545 959 2613 Augusti
972 2546 1085 2600 seribere
1096 2549 1176 2602 sumit
1187 2548 1200 2601 ?
1211 2571 1224 2594 ›-

194 2625 247 2694 legi
268 2643 283 2675 a
301 2619 468 2691 quibusdam,
488 2616 514 2673 id
533 2629 587 2685 est,
604 2619 711 2688 nudos
785 2626 1000 2696 apssmeitaespue
1011 2631 1264 2696 aimuestme'las

198 2715 290 2757 tenues
300 2742 307 2768 ,
322 2709 396 2754 notat
407 2700 593 2753 Bersmannus.
753 2696 786 2757 ad
793 2720 883 2754 rerum
893 2703 1103 2773 magnitudinem
1113 2711 1264 2773 ,mlotvero

230 2805 270 2837 aa.
281 2784 395 2836 plaudes.
407 2775 556 2833 Gratularis¹
568 2806 600 2818 -
610 2779 637 2831 Ε
645 2782 704 2832 rivo.
753 2777 786 2833 ad
807 2779 1030 2850 pulchritudinem
1052 2794 1078 2836 et
1099 2780 1263 2838 nobilitatem

198 2863 237 2915 Er
246 2857 436 2931 porvapoeticae
446 2854 707 2924 facultates-Mam
753 2857 856 2911 illarum
870 2857 991 2912 refertur.

190 2939 272 3007 sacis.
289 2938 381 2989 Trade}
395 2934 527 3003 eleganter
539 2951 606 2985 unns
620 2931 705 2986 Vatic.
780 2938 1261 3010 30.Necetr„Nerpotnireqnarerereu

230 3018 270 3082 ²4·
287 3017 337 3067 Vix
348 3017 477 3080 se'br'puum
485 3016 594 3064 miseros.
608 3009 705 3062 Sensus
753 3032 909 3067 meorerum
916 3013 1199 3087 magnitudinem,quia
1209 3036 1262 3072 non

198 3091 587 3163 eet:grataeuntetlaetaquoe
600 3107 704 3157 prome
752 3090 923 3159 respondebat
947 3110 1053 3146 carmen
1075 3114 1166 3147 meum
1185 3096 1261 3150 rebus

196 3172 272 3226 sarie:
284 3172 400 3240 quamvis
411 3169 451 3220 vir
464 3167 585 3222 credibile
597 3168 645 3231 eit,
658 3168 705 3221 mi·
753 3169 898 3238 gestiuquue
906 3171 1101 3237 erantmaiores
1110 3191 1262 3227 meovenu.

201 3269 289 3302 serum
301 3267 431 3317 quemque
445 3265 517 3315 posse
531 3245 580 3298 ulla
594 3265 621 3297 re
635 3264 704 3315 gau·
785 3245 824 3297 31.
836 3249 912 3308 Illic,
925 3267 998 3316 quam
1009 3251 1103 3302 laudes.
1117 3251 1148 3304 ln
1159 3249 1262 3305 descri-

198 3327 278 3391 dere,
297 3336 324 3377 et
342 3326 375 3378 illi
394 3343 451 3377 eam
469 3324 576 3390 placere.
593 3323 643 3375 Vei
655 3322 705 3376 boc
752 3322 839 3376 bendo
847 3333 936 3378 lamen
950 3325 1099 3394 hujusmodi
1109 3326 1261 3394 triumpho,

199 3401 260 3453 dicit
273 3419 279 3452 :
292 3412 393 3468 gratum
407 3408 444 3451 est
458 3417 472 3450 a
485 3408 510 3451 te
524 3398 627 3466 probari
641 3417 704 3451 car-
753 3401 871 3468 quamvie
885 3400 986 3454 nonita
999 3401 1130 3472 eleganter
1144 3401 1183 3452 rei
1195 3419 1260 3453 ena-

198 3494 260 3528 men
279 3495 383 3531 meum.
398 3473 469 3542 quod
483 3486 528 3527 tuo
542 3472 639 3541 judicio
652 3475 704 3529 ali·
753 3474 919 3545 gnitudinem
932 3476 1066 3531 adsecutus
1080 3477 1129 3539 sit,
1144 3475 1258 3531 landan-

198 3551 323 3622 quidesse
332 3551 535 3605 existimozuam
544 3554 704 3620 meoiudicio
753 3551 812 3605 dam
833 3564 923 3606 tamen
942 3572 997 3606 esso
1017 3552 1076 3608 dicit
1093 3551 1261 3610 voluntatem

198 3630 263 3686 nibil
274 3641 313 3683 eet
325 3629 395 3698 quod
404 3628 517 3682 credam.
530 3631 581 3682 Vix
592 3631 663 3685 enirn
676 3632 704 3684 in
752 3631 902 3684 officiosum.

199 3710 246 3763 bac
254 3707 355 3761 miseria
364 3705 429 3758 mibi
438 3705 483 3776 ipsi
492 3707 579 3776 placeo
588 3748 594 3775 ,
604 3709 704 3763 nedum
785 3710 824 3762 32.
835 3711 946 3762 Maten'a
952 3710 1098 3761 debilitante
1101 3709 1203 3777 jacent.
1212 3716 1260 3766 lte

198 3785 313 3842 carmina
328 3803 396 3837 mea·
751 3790 854 3839 bae'litata
868 3785 986 3840 meliores
999 3805 1005 3848 ;
1025 3796 1051 3839 et
1072 3790 1150 3855 Quod
1159 3791 1259 3860 sisorte

232 3867 271 3919 28.
286 3866 470 3916 ramesmere
475 3868 624 3918 molismus.
635 3867 705 3932 Opas
750 3868 824 3919 liber.
839 3885 894 3919 nou
907 3868 969 3931 Qui}
981 3874 1008 3918 et
1021 3867 1078 3919 Hoc
1086 3866 1257 3934 tibisactm,

198 3943 318 3997 meliores
329 3939 451 4008 plerique.
469 3941 503 3994 H.
515 3969 547 3982 -
561 3943 633 3994 Vere
648 3961 655 3995 ε
669 3941 704 3994 ita
752 3961 800 4011 pro
812 3946 881 3997 Haec.
898 3942 1000 3997 Herus.

198 4039 292 4073 sumere
301 4019 383 4073 utitur
396 4020 532 4084 Horatius,
544 4018 571 4083 l,
582 4017 636 4071 od.
647 4032 702 4072 xrr:
784 4021 823 4072 33.
836 4023 913 4074 Liber
925 4032 973 4074 etc.
992 4018 1109 4076 Carmen
1122 4037 1210 4074 meum
1223 4019 1257 4074 de

200 4119 213 4143 u
227 4097 426 4167 Quemrirum,
440 4107 485 4150 aut
497 4095 703 4164 heroatyn,vet
752 4095 887 4164 triumpho
901 4098 1061 4153 Germanici.
