2722 4702
147 306 215 392 aa
437 308 475 375 r.
503 307 683 378 ovrun
711 310 934 383 nasoms

147 450 259 549 Atque
273 474 307 520 ea
324 463 358 520 te
372 465 502 536 contra,
519 477 578 522 nee
591 451 677 523 muri
695 450 799 539 mole,
817 482 877 528 nec
893 453 1012 544 armis,

194 564 263 636 Nee
280 563 361 637 satis
378 563 512 659 ingenio
529 582 600 639 tuta
614 565 715 641 fuisse
731 565 805 640 loci.

145 675 191 747 Di
207 676 270 749 tibi
287 676 366 749 deut
383 678 506 751 annos!
523 707 543 751 u
559 695 590 751 te
603 706 680 751 nam
696 698 809 753 catera
825 707 952 769 sumes3

193 793 268 867 Sint
283 795 384 868 modo
404 794 517 868 virtuti
535 812 683 896 tempora
701 795 799 891 longa
814 814 887 871 tuo.

146 907 251 1004 Quod
266 937 383 1008 precor
401 908 548 983 eveniet:
565 928 646 983 sunt
662 910 819 1010 quiddam
835 911 966 986 oracula
982 930 1115 1002 vatum3
1178 934 1212 991 55

196 1027 279 1098 Nam
296 1027 389 1101 Deus
405 1026 532 1128 optanti
548 1056 709 1129 prospera
727 1018 821 1124 signa
835 1028 934 1102 dedit.

146 1138 194 1213 Te
212 1168 346 1240 quoque
364 1139 520 1213 victorem
537 1141 693 1242 Tarpeias
714 1142 868 1217 scandere
885 1142 918 1215 in
935 1170 1025 1217 arces

193 1257 282 1329 Lata
299 1259 465 1330 coronatis
483 1258 590 1332 Roma
606 1259 732 1332 videbit
749 1260 861 1360 equis3

146 1371 365 1472 Maturosque
384 1389 479 1473 pater
495 1373 564 1447 nati
581 1373 745 1474 spectabit
762 1375 926 1462 honores,

53 1491 62 1503 ⁴
196 1490 323 1564 Gaudia
336 1489 544 1590 percipiens,
563 1519 635 1590 que
653 1491 742 1564 dedit
759 1493 830 1591 ipse
848 1491 927 1566 suis.
1172 1513 1207 1564 oo

143 1605 218 1675 Jam
235 1631 324 1675 nune
336 1591 409 1674 ¹iram
425 1631 443 1675 a
461 1631 528 1689 me,
545 1604 701 1700 juvenum
716 1603 872 1703 belloque
887 1621 1026 1703 togaque

25 1792 32 1809 ,
193 1717 352 1803 Maxime,
371 1716 456 1789 dicta
471 1716 534 1788 tibi
552 1718 745 1792 vaticinante
763 1737 853 1793 nota.

34 1822 45 1851 ³
147 1833 246 1904 Hunc
265 1858 398 1931 quoque
416 1832 618 1905 carminibus
635 1833 771 1907 referam
786 1833 925 1908 fortasse
938 1831 1159 1935 triumphum,

132 1944 141 1965 '¹
194 1941 342 2017 Sufficiet
359 1944 482 2017 uostris
500 1947 527 2019 si
547 1947 647 2020 modo
663 1948 730 2020 vita
747 1946 860 2033 malis;

143 2058 299 2134 lmbuero
319 2060 487 2162 Scythicas
506 2060 534 2135 si
551 2091 620 2136 non
636 2063 730 2165 prius
746 2064 818 2164 ipse
835 2062 992 2159 sagittas,
1176 2079 1209 2130 os

192 2175 447 2279 Abstuleritque
463 2179 556 2253 ferox
574 2179 639 2254 hoc
656 2197 756 2280 caput
772 2207 849 2255 ense
869 2178 978 2250 Getes.

149 2292 253 2388 Quod
269 2291 318 2382 si,
332 2321 385 2370 me
403 2293 512 2384 salvo,
529 2295 665 2370 dabitur
681 2295 746 2369 tibi
760 2294 871 2368 laurea
890 2288 1032 2392 templis,

39 2518 42 2523 -
144 2479 653 2553 imperiumsubtitnlnnque,iares,»et
703 2483 874 2553 «Tarpeium
893 2500 988 2536 nemus
1006 2489 1034 2534 et
1054 2474 1167 2550 Tarpeia
1183 2479 1213 2534 in

146 2559 235 2613 Nostri
245 2556 355 2610 Remed.
367 2556 489 2625 Amoris,
498 2558 562 2611 toa:
573 2579 586 2603 ι
595 2558 653 2613 Sub
701 2582 768 2632 rupe
780 2559 938 2629 sepulcrum.
953 2584 966 2607 ιι
985 2559 1145 2633 lta-ingebat
1162 2580 1213 2630 pa-

145 2637 252 2690 titulum
262 2647 364 2691 nostros
375 2635 446 2689 misit
458 2654 534 2690 avara
546 2634 651 2704 larem
702 2658 763 2694 rens
772 2653 862 2704 meus,
875 2654 932 2690 non
949 2638 1056 2706 Tarpeia
1068 2646 1145 2708 turpe.
1158 2638 1194 2691 H.

145 2715 224 2783 longe
246 2715 293 2768 alia
312 2714 500 2786 significatione
519 2711 652 2768 dicuntur.
735 2719 773 2770 58.
793 2718 883 2785 Equis.
900 2718 982 2786 Equis
1001 2712 1209 2787 triumphamus

145 2794 283 2846 H.—Isse
293 2797 339 2845 sad
351 2796 433 2845 tetulo.
450 2791 513 2844 Esse
522 2792 652 2860 subjectos
703 2799 827 2866 Quatuor
852 2800 925 2852 enim
949 2800 1009 2868 equi
1029 2799 1080 2852 albi
1103 2815 1210 2851 currum

146 2873 237 2939 titulo,
250 2875 341 2941 inquo
353 2882 409 2926 erat
420 2883 496 2925 tuum
506 2889 612 2925 nomen.
702 2875 888 2944 triumphalem
906 2876 1056 2943 trahentes,
1070 2875 1149 2929 etiam
1157 2873 1210 2928 iau·

179 2957 218 3003 52.
232 2953 335 3018 Iaaem'o
351 2955 410 3004 Ioci.
427 2951 526 3004 Natura
543 2949 608 3015 loci,
624 2959 654 3003 ut
701 2971 733 3004 ro
745 2953 947 3007 coronabantur.

146 3039 208 3097 puta
220 3029 248 3082 in
259 3028 395 3082 montibus
406 3028 461 3082 sita.
735 3033 774 3102 59.
780 3032 894 3085 Malam
902 3035 1014 3085 honores.
1020 3030 1064 3084 Sic
1073 3031 1210 3098 Horatius,

179 3108 219 3159 53.
229 3107 330 3160 Cetera.
340 3104 445 3160 Omnes
455 3104 565 3159 virtutes
574 3102 654 3157 intel·
701 3107 782 3175 Epist
793 3108 819 3161 ΙΙ
830 3148 837 3175 ,
850 3125 873 3174 1,
887 3112 931 3162 15:
942 3130 955 3154 a
967 3108 1093 3161 Praesenti
1103 3107 1151 3161 tibi
1161 3125 1210 3160 ma

146 3182 212 3253 lige,
226 3196 253 3238 et
263 3184 366 3239 bellicas
376 3197 451 3240 artes.
701 3196 773 3239 turos
785 3186 911 3257 largimur
920 3186 1065 3239 honores.»

179 3266 218 3315 55.
237 3266 300 3317 Sua!
313 3269 424 3333 qaedam
440 3267 544 3318 oracula
560 3271 653 3315 vana.
733 3264 773 3317 61.
783 3265 846 3316 lam
854 3285 918 3318 nanc
926 3267 978 3317 hec
988 3283 1061 3315 ame.
1070 3260 1150 3314 Ordo
1157 3274 1209 3317 est:

148 3340 259 3410 Repone
276 3343 316 3395 vel
330 3344 386 3397 sine
405 3344 558 3397 auctoritate
574 3352 653 3395 vete·
701 3339 1128 3410 Oltlauimejuvennmetbelloet
1139 3351 1207 3407 toga,

147 3437 208 3471 rum
220 3421 365 3486 tibrorum,
381 3433 441 3474 suat
455 3424 587 3491 quiddam,
603 3421 654 3475 hoe
700 3418 755 3484 iam
764 3438 835 3472 nunc
843 3429 905 3471 nota
914 3435 970 3485 qne
978 3436 1041 3469 ame
1050 3415 1206 3466 vaticinante

147 3506 202 3560 est,
220 3508 282 3550 sunt
298 3497 403 3566 aliquid.
417 3498 542 3551 Proximo
559 3518 651 3565 versu,
702 3494 843 3549 dictasunt.
850 3494 900 3546 vel
910 3494 1006 3547 manda
1013 3490 1145 3546 memoria
1153 3488 1205 3542 hoc

147 3592 196 3644 pro
207 3577 272 3627 Nam
280 3574 369 3628 malim
376 3577 445 3626 dam.
454 3576 653 3640 H.—Qaa’ddaaa
701 3593 792 3627 meum
804 3572 962 3626 vaticinium.

148 3651 471 3724 probatHeurnannus,in
480 3652 599 3722 Parergis
607 3655 654 3708 cri·
733 3645 1208 3720 65.ImdaeraScytdicassa5ittas.Ma·

149 3731 485 3796 ticisdaatlougapera'cala
493 3740 588 3796 vatam,
602 3733 653 3785 Pu·
701 3723 1208 3801 defeceroScytharurujaculameosan·

149 3819 218 3863 teau.
229 3806 339 3862 solemni
350 3806 511 3860 confusione.
700 3804 787 3872 guina.
805 3808 911 3858 Iadaero
930 3801 1083 3868 Iaeidensis,
1104 3803 1209 3857 ladam

182 3892 220 3957 57.
239 3888 358 3954 Tarpeias
375 3888 495 3937 scandere
509 3895 558 3939 etc.
570 3888 651 3939 Scan·
695 3892 800 3949 pectora
817 3887 877 3937 telis
892 3880 970 3934 habes
987 3881 1080 3934 Amor.
1100 3877 1145 3933 lib.
1162 3881 1207 3946 ll,

149 3968 205 4019 dere
217 3976 296 4021 turres
312 3963 428 4034 quinque
444 3973 552 4016 veteres.
572 3965 652 4017 Forte
701 3959 775 4030 Eieg.
786 3979 820 4028 x,
833 3982 870 4016 vs.
882 3961 921 4014 31.
933 3960 970 4015 H.

149 4040 470 4113 rape15Propert.lib.lV,
481 4038 521 4093 Εἰ
529 4055 568 4107 tv,
576 4060 611 4095 vs.
622 4057 651 4093 1:
734 4041 774 4111 67.
788 4043 831 4094 tte
844 4047 923 4098 salvo.
938 4040 985 4095 ltle
998 4041 1026 4094 in
1038 4037 1145 4109 patriam
1157 4048 1204 4082 m·
